[
  {
    "code": "10082461",
    "name": "Bučke",
    "url": "",
    "result_class": "product",
    "type": "product",
    "product_id": 10082461,
    "erp_number": "10082461",
    "item_id": 10082461,
    "full_title": "Bučke",
    "title": "Bučke",
    "category": "Food",
    "product_type": "RETAIL",
    "age_restriction": false,
    "is_used_product": false,
    "multipack": false,
    "online": false,
    "store": false,
    "quick_add_to_cart": false,
    "flash_sales": false,
    "having_videos": false,
    "having_threesixty": false,
    "price": 0.69,
    "old_price": 1.49,
    "currency_code": "EUR",
    "currency_symbol": "€",
    "has_star": true,
    "has_vat": false,
    "price_theme": "white_red",
    "variants_have_different_prices": false,
    "base_price_text": null,
    "base_price_prefix": null,
    "packaging_text": "za kg",
    "discount_deleted_price": 1.49,
    "discount_text": "- 53 %",
    "discount_percentage": 53,
    "discount_has_star": false,
    "show_discount": true,
    "show_percentage": true,
    "from_recommended_price": false,
    "availability_indicator": 0,
    "online_available": false,
    "min_orderable_quantity": 1,
    "orderable_quantities": [],
    "badge_texts": [
      "V trgovini od 10.07. do 12.07."
    ],
    "badge_types": [
      "IN_STORE_FROM_FUTURE_DATE_RANGE"
    ],
    "main_image": "https://imgproxy-retcat.assets.schwarz/QZAX6-P12liEncYyVjT7lWddFbirVb8slWyxlKE5nPo/sm:1/w:427/h:320/cz/M6Ly9wcm9kLWNhd/GFsb2ctbWVkaWEvc2kvMS9ENzU3QzgwM0QyQjY5QzU3QTYzOTY2Q0V/FMkVBRDQ4OTE1RDlDRDRFREE2RDA4RUI0RTM4MjZCM0JBMERBNDg0LmpwZw.jpg",
    "image_list": [
      "https://imgproxy-retcat.assets.schwarz/QZAX6-P12liEncYyVjT7lWddFbirVb8slWyxlKE5nPo/sm:1/w:427/h:320/cz/M6Ly9wcm9kLWNhd/GFsb2ctbWVkaWEvc2kvMS9ENzU3QzgwM0QyQjY5QzU3QTYzOTY2Q0V/FMkVBRDQ4OTE1RDlDRDRFREE2RDA4RUI0RTM4MjZCM0JBMERBNDg0LmpwZw.jpg"
    ],
    "image_accessibility": "Košara s svežimi zelenimi bučkami.",
    "detailed_images": [
      {
        "url": "https://imgproxy-retcat.assets.schwarz/QZAX6-P12liEncYyVjT7lWddFbirVb8slWyxlKE5nPo/sm:1/w:427/h:320/cz/M6Ly9wcm9kLWNhd/GFsb2ctbWVkaWEvc2kvMS9ENzU3QzgwM0QyQjY5QzU3QTYzOTY2Q0V/FMkVBRDQ4OTE1RDlDRDRFREE2RDA4RUI0RTM4MjZCM0JBMERBNDg0LmpwZw.jpg",
        "accessibility": "Košara s svežimi zelenimi bučkami."
      }
    ],
    "analytics_category": "Food",
    "more_details": "Dodatne podrobnosti o izdelku",
    "won_category_primary": "Svetovi potreb/Hrana in bližnja hrana/Sadje in zelenjava",
    "won_category_primary_path": "0/17/1710",
    "canonical_path": "/p/bucke/p10082461",
    "canonical_url": "/p/bucke/p10082461",
    "awards": [],
    "seals": [],
    "ribbons": [],
    "highlighted_seals": 0,
    "lidl_plus": [],
    "regions": [],
    "ians": [
      "82345"
    ],
    "show_brand": false,
    "deal_of_day_active": false,
    "full_title_meta": "Bučke",
    "lists": [
      4991
    ],
    "preview": false,
    "category_breadcrumbs": [
      {
        "id": "10068374",
        "name": "Hrana in pijača",
        "url": "/c/hrana-in-pijaca/s10068374",
        "hidden": false
      },
      {
        "id": "10071012",
        "name": "Sadje in zelenjava",
        "url": "/h/sadje-in-zelenjava/h10071012",
        "hidden": false
      }
    ],
    "campaigns": [
      {
        "id": "Current_Sales_Week",
        "name": "Ta teden",
        "url": null,
        "hidden": false
      },
      {
        "id": "10075258",
        "name": "Tvoja Lidl cena",
        "url": "/c/tvoja-lidl-cena/a10075258",
        "hidden": false
      }
    ],
    "world_of_needs_code": "1710",
    "world_of_needs_name": "Sadje in zelenjava",
    "world_of_needs_parent": "17",
    "is_main_category": true,
    "super_categories": [
      {
        "code": "17",
        "name": "Hrana in bližnja hrana",
        "parent": "0"
      },
      {
        "code": "0",
        "name": "Svetovi potreb",
        "parent": ""
      }
    ],
    "position": 1,
    "tracking_payload": {
      "searchTrackingMasterId": "Product.10082461",
      "searchTrackingTitle": "Bu%C4%8Dke",
      "searchTrackingPageSize": 100,
      "searchTrackingPage": 1,
      "searchTrackingEvent": "click",
      "list": "search",
      "searchTrackingId": "Product.10082461",
      "searchTrackingOrigPos": 1,
      "searchTrackingPos": 1,
      "searchTrackingOrigPageSize": 100,
      "searchTrackingChannel": "SI",
      "category": "Food"
    }
  },
  {
    "code": "10082159",
    "name": "Sveže svinjsko pleče v kosu",
    "url": "",
    "result_class": "product",
    "type": "product",
    "product_id": 10082159,
    "erp_number": "10082159",
    "item_id": 10082159,
    "full_title": "Sveže svinjsko pleče v kosu",
    "title": "Sveže svinjsko pleče v kosu",
    "category": "Food",
    "product_type": "RETAIL",
    "age_restriction": false,
    "is_used_product": false,
    "multipack": false,
    "online": false,
    "store": true,
    "quick_add_to_cart": false,
    "flash_sales": false,
    "having_videos": false,
    "having_threesixty": false,
    "price": 3.99,
    "old_price": 8.99,
    "currency_code": "EUR",
    "currency_symbol": "€",
    "has_star": true,
    "has_vat": false,
    "price_theme": "white_red",
    "variants_have_different_prices": false,
    "base_price_text": "pribl. 0,7-2 kg",
    "base_price_prefix": false,
    "packaging_text": "za kg",
    "discount_deleted_price": 8.99,
    "discount_text": "ZGRABITE PRILOŽNOST!",
    "discount_percentage": 55,
    "discount_has_star": false,
    "show_discount": true,
    "show_percentage": true,
    "from_recommended_price": false,
    "availability_indicator": 0,
    "online_available": false,
    "min_orderable_quantity": 1,
    "orderable_quantities": [],
    "badge_texts": [
      "V trgovini od 03.07. do 09.07."
    ],
    "badge_types": [
      "IN_STORE_PAST_DATE_RANGE"
    ],
    "main_image": "https://imgproxy-retcat.assets.schwarz/Eux-wEjDCNtPJJ0aOsN0aY7m_GTPdoo2S2d1C5q_HFU/sm:1/w:427/h:320/cz/M6Ly9wcm9kLWNhd/GFsb2ctbWVkaWEvc2kvMS80MzlGN0VFRDg0MkVDRDNFQ0E0NDcxRjA/1RDc2QUVFN0JCMEFCNzlCQjc3QkE3NDhFQ0NEOUQyOTEwNjI1QjQ1LmpwZw.jpg",
    "image_list": [
      "https://imgproxy-retcat.assets.schwarz/Eux-wEjDCNtPJJ0aOsN0aY7m_GTPdoo2S2d1C5q_HFU/sm:1/w:427/h:320/cz/M6Ly9wcm9kLWNhd/GFsb2ctbWVkaWEvc2kvMS80MzlGN0VFRDg0MkVDRDNFQ0E0NDcxRjA/1RDc2QUVFN0JCMEFCNzlCQjc3QkE3NDhFQ0NEOUQyOTEwNjI1QjQ1LmpwZw.jpg"
    ],
    "image_accessibility": "Svinjski zrezek na lesenem podstavku, obdan z rdečo čebulo in rožmarinom.",
    "detailed_images": [
      {
        "url": "https://imgproxy-retcat.assets.schwarz/Eux-wEjDCNtPJJ0aOsN0aY7m_GTPdoo2S2d1C5q_HFU/sm:1/w:427/h:320/cz/M6Ly9wcm9kLWNhd/GFsb2ctbWVkaWEvc2kvMS80MzlGN0VFRDg0MkVDRDNFQ0E0NDcxRjA/1RDc2QUVFN0JCMEFCNzlCQjc3QkE3NDhFQ0NEOUQyOTEwNjI1QjQ1LmpwZw.jpg",
        "accessibility": "Svinjski zrezek na lesenem podstavku, obdan z rdečo čebulo in rožmarinom."
      }
    ],
    "analytics_category": "Food",
    "more_details": "Dodatne podrobnosti o izdelku",
    "won_category_primary": "Svetovi potreb/Hrana in bližnja hrana/Klobase in meso",
    "won_category_primary_path": "0/17/1717",
    "canonical_path": "/p/sveze-svinjsko-plece-v-kosu/p10082159",
    "canonical_url": "/p/sveze-svinjsko-plece-v-kosu/p10082159",
    "awards": [],
    "seals": [],
    "ribbons": [],
    "highlighted_seals": 0,
    "lidl_plus": [],
    "regions": [],
    "ians": [
      "132525"
    ],
    "show_brand": false,
    "deal_of_day_active": false,
    "full_title_meta": "Sveže svinjsko pleče v kosu",
    "lists": [
      4986
    ],
    "preview": false,
    "category_breadcrumbs": [
      {
        "id": "10068374",
        "name": "Hrana in pijača",
        "url": "/c/hrana-in-pijaca/s10068374",
        "hidden": false
      },
      {
        "id": "10071016",
        "name": "Meso in mesni izdelki",
        "url": "/h/meso-in-mesni-izdelki/h10071016",
        "hidden": false
      }
    ],
    "campaigns": [
      {
        "id": "Current_Sales_Week",
        "name": "Ta teden",
        "url": null,
        "hidden": false
      },
      {
        "id": "10074808",
        "name": "Tvoja Lidl cena",
        "url": "/c/tvoja-lidl-cena/a10074808",
        "hidden": false
      }
    ],
    "world_of_needs_code": "1717",
    "world_of_needs_name": "Klobase in meso",
    "world_of_needs_parent": "17",
    "is_main_category": true,
    "super_categories": [
      {
        "code": "17",
        "name": "Hrana in bližnja hrana",
        "parent": "0"
      },
      {
        "code": "0",
        "name": "Svetovi potreb",
        "parent": ""
      }
    ],
    "position": 2,
    "tracking_payload": {
      "searchTrackingMasterId": "Product.10082159",
      "searchTrackingTitle": "Sve%C5%BEe+svinjsko+ple%C4%8De+v+kosu",
      "searchTrackingPageSize": 100,
      "searchTrackingPage": 1,
      "searchTrackingEvent": "click",
      "list": "search",
      "searchTrackingId": "Product.10082159",
      "searchTrackingOrigPos": 1,
      "searchTrackingPos": 2,
      "searchTrackingOrigPageSize": 100,
      "searchTrackingChannel": "SI",
      "category": "Food"
    }
  },
  {
    "code": "10083097",
    "name": "Belo grozdje brez pečk",
    "url": "",
    "result_class": "product",
    "type": "product",
    "product_id": 10083097,
    "erp_number": "10083097",
    "item_id": 10083097,
    "full_title": "Belo grozdje brez pečk",
    "title": "Belo grozdje brez pečk",
    "category": "Food",
    "product_type": "RETAIL",
    "age_restriction": false,
    "is_used_product": false,
    "multipack": false,
    "online": false,
    "store": false,
    "quick_add_to_cart": false,
    "flash_sales": false,
    "having_videos": false,
    "having_threesixty": false,
    "price": 1.49,
    "old_price": 2.49,
    "currency_code": "EUR",
    "currency_symbol": "€",
    "has_star": true,
    "has_vat": false,
    "price_theme": "white_red",
    "variants_have_different_prices": false,
    "base_price_text": "1 kg = 2.98",
    "base_price_prefix": false,
    "packaging_text": "500 g",
    "discount_deleted_price": 2.49,
    "discount_text": "- 40 %",
    "discount_percentage": 40,
    "discount_has_star": false,
    "show_discount": true,
    "show_percentage": true,
    "from_recommended_price": false,
    "availability_indicator": 0,
    "online_available": false,
    "min_orderable_quantity": 1,
    "orderable_quantities": [],
    "badge_texts": [
      "V trgovini od 10.07. do 12.07."
    ],
    "badge_types": [
      "IN_STORE_FROM_FUTURE_DATE_RANGE"
    ],
    "main_image": "https://imgproxy-retcat.assets.schwarz/aa9Oq-qO30CTHoaM-WzOdU3EwkhXxT524q1fKedE6V8/sm:1/w:427/h:320/cz/M6Ly9wcm9kLWNhd/GFsb2ctbWVkaWEvc2kvMS8yMDRGNjQyODFGM0QzOURGN0UzMTA4OEY/yNjNDNDJEOEJCQkU2RDc5OTc0Q0I1OUZBODMyOTcwQ0VDMjUzMERBLmpwZw.jpg",
    "image_list": [
      "https://imgproxy-retcat.assets.schwarz/aa9Oq-qO30CTHoaM-WzOdU3EwkhXxT524q1fKedE6V8/sm:1/w:427/h:320/cz/M6Ly9wcm9kLWNhd/GFsb2ctbWVkaWEvc2kvMS8yMDRGNjQyODFGM0QzOURGN0UzMTA4OEY/yNjNDNDJEOEJCQkU2RDc5OTc0Q0I1OUZBODMyOTcwQ0VDMjUzMERBLmpwZw.jpg"
    ],
    "image_accessibility": "Zeleno grozdje v pletenem košaru.",
    "detailed_images": [
      {
        "url": "https://imgproxy-retcat.assets.schwarz/aa9Oq-qO30CTHoaM-WzOdU3EwkhXxT524q1fKedE6V8/sm:1/w:427/h:320/cz/M6Ly9wcm9kLWNhd/GFsb2ctbWVkaWEvc2kvMS8yMDRGNjQyODFGM0QzOURGN0UzMTA4OEY/yNjNDNDJEOEJCQkU2RDc5OTc0Q0I1OUZBODMyOTcwQ0VDMjUzMERBLmpwZw.jpg",
        "accessibility": "Zeleno grozdje v pletenem košaru."
      }
    ],
    "analytics_category": "Food",
    "more_details": "Dodatne podrobnosti o izdelku",
    "won_category_primary": "Svetovi potreb/Hrana in bližnja hrana/Sadje in zelenjava",
    "won_category_primary_path": "0/17/1710",
    "canonical_path": "/p/belo-grozdje-brez-peck/p10083097",
    "canonical_url": "/p/belo-grozdje-brez-peck/p10083097",
    "awards": [],
    "seals": [],
    "ribbons": [],
    "highlighted_seals": 0,
    "lidl_plus": [],
    "regions": [],
    "ians": [
      "80500"
    ],
    "show_brand": false,
    "deal_of_day_active": false,
    "full_title_meta": "Belo grozdje brez pečk",
    "lists": [
      4991
    ],
    "preview": false,
    "category_breadcrumbs": [
      {
        "id": "10068374",
        "name": "Hrana in pijača",
        "url": "/c/hrana-in-pijaca/s10068374",
        "hidden": false
      },
      {
        "id": "10071012",
        "name": "Sadje in zelenjava",
        "url": "/h/sadje-in-zelenjava/h10071012",
        "hidden": false
      }
    ],
    "campaigns": [
      {
        "id": "Current_Sales_Week",
        "name": "Ta teden",
        "url": null,
        "hidden": false
      },
      {
        "id": "10075258",
        "name": "Tvoja Lidl cena",
        "url": "/c/tvoja-lidl-cena/a10075258",
        "hidden": false
      }
    ],
    "world_of_needs_code": "1710",
    "world_of_needs_name": "Sadje in zelenjava",
    "world_of_needs_parent": "17",
    "is_main_category": true,
    "super_categories": [
      {
        "code": "17",
        "name": "Hrana in bližnja hrana",
        "parent": "0"
      },
      {
        "code": "0",
        "name": "Svetovi potreb",
        "parent": ""
      }
    ],
    "position": 3,
    "tracking_payload": {
      "searchTrackingMasterId": "Product.10083097",
      "searchTrackingTitle": "Belo+grozdje+brez+pe%C4%8Dk",
      "searchTrackingPageSize": 100,
      "searchTrackingPage": 1,
      "searchTrackingEvent": "click",
      "list": "search",
      "searchTrackingId": "Product.10083097",
      "searchTrackingOrigPos": 1,
      "searchTrackingPos": 3,
      "searchTrackingOrigPageSize": 100,
      "searchTrackingChannel": "SI",
      "category": "Food"
    }
  },
  {
    "code": "10082848",
    "name": "Avokado",
    "url": "",
    "result_class": "product",
    "type": "product",
    "product_id": 10082848,
    "erp_number": "10082848",
    "item_id": 10082848,
    "full_title": "Avokado",
    "title": "Avokado",
    "category": "Food",
    "product_type": "RETAIL",
    "age_restriction": false,
    "is_used_product": false,
    "multipack": false,
    "online": false,
    "store": false,
    "quick_add_to_cart": false,
    "flash_sales": false,
    "having_videos": false,
    "having_threesixty": false,
    "price": 0.79,
    "old_price": 1.29,
    "currency_code": "EUR",
    "currency_symbol": "€",
    "has_star": true,
    "has_vat": false,
    "price_theme": "white_red",
    "variants_have_different_prices": false,
    "base_price_text": null,
    "base_price_prefix": null,
    "packaging_text": "kos",
    "discount_deleted_price": 1.29,
    "discount_text": "- 38 %",
    "discount_percentage": 38,
    "discount_has_star": false,
    "show_discount": true,
    "show_percentage": true,
    "from_recommended_price": false,
    "availability_indicator": 0,
    "online_available": false,
    "min_orderable_quantity": 1,
    "orderable_quantities": [],
    "badge_texts": [
      "V trgovini od 14.07. do 16.07."
    ],
    "badge_types": [
      "IN_STORE_FROM_FUTURE_DATE_RANGE"
    ],
    "main_image": "https://imgproxy-retcat.assets.schwarz/utlrQlDzUbnlq6-N__BSW0h-gC05aZwbkHxT-4NBYpY/sm:1/w:427/h:320/cz/M6Ly9wcm9kLWNhd/GFsb2ctbWVkaWEvc2kvMS82RDgzNTJFM0ZCQTBDQzQyMTg2ODE3QTA/xREE5NDIzQzk0QkEyQkU0NzJDMkYyQzNGOEE1RkZENERCQTBCRDg5LmpwZw.jpg",
    "image_list": [
      "https://imgproxy-retcat.assets.schwarz/utlrQlDzUbnlq6-N__BSW0h-gC05aZwbkHxT-4NBYpY/sm:1/w:427/h:320/cz/M6Ly9wcm9kLWNhd/GFsb2ctbWVkaWEvc2kvMS82RDgzNTJFM0ZCQTBDQzQyMTg2ODE3QTA/xREE5NDIzQzk0QkEyQkU0NzJDMkYyQzNGOEE1RkZENERCQTBCRDg5LmpwZw.jpg"
    ],
    "image_accessibility": "Skleda s petimi avokadi, eden od njih prerezanih.",
    "detailed_images": [
      {
        "url": "https://imgproxy-retcat.assets.schwarz/utlrQlDzUbnlq6-N__BSW0h-gC05aZwbkHxT-4NBYpY/sm:1/w:427/h:320/cz/M6Ly9wcm9kLWNhd/GFsb2ctbWVkaWEvc2kvMS82RDgzNTJFM0ZCQTBDQzQyMTg2ODE3QTA/xREE5NDIzQzk0QkEyQkU0NzJDMkYyQzNGOEE1RkZENERCQTBCRDg5LmpwZw.jpg",
        "accessibility": "Skleda s petimi avokadi, eden od njih prerezanih."
      }
    ],
    "analytics_category": "Food",
    "more_details": "Dodatne podrobnosti o izdelku",
    "won_category_primary": "Svetovi potreb/Hrana in bližnja hrana/Sadje in zelenjava",
    "won_category_primary_path": "0/17/1710",
    "canonical_path": "/p/avokado/p10082848",
    "canonical_url": "/p/avokado/p10082848",
    "awards": [],
    "seals": [],
    "ribbons": [],
    "highlighted_seals": 0,
    "lidl_plus": [],
    "regions": [],
    "ians": [
      "80616"
    ],
    "show_brand": false,
    "deal_of_day_active": false,
    "full_title_meta": "Avokado",
    "lists": [
      4991
    ],
    "preview": false,
    "category_breadcrumbs": [
      {
        "id": "10068374",
        "name": "Hrana in pijača",
        "url": "/c/hrana-in-pijaca/s10068374",
        "hidden": false
      },
      {
        "id": "10071012",
        "name": "Sadje in zelenjava",
        "url": "/h/sadje-in-zelenjava/h10071012",
        "hidden": false
      }
    ],
    "campaigns": [
      {
        "id": "Next_Sales_Week",
        "name": "Naslednji teden",
        "url": null,
        "hidden": false
      },
      {
        "id": "10075264",
        "name": "Tvoja Lidl cena",
        "url": "/c/tvoja-lidl-cena/a10075264",
        "hidden": false
      }
    ],
    "world_of_needs_code": "1710",
    "world_of_needs_name": "Sadje in zelenjava",
    "world_of_needs_parent": "17",
    "is_main_category": true,
    "super_categories": [
      {
        "code": "17",
        "name": "Hrana in bližnja hrana",
        "parent": "0"
      },
      {
        "code": "0",
        "name": "Svetovi potreb",
        "parent": ""
      }
    ],
    "position": 4,
    "tracking_payload": {
      "searchTrackingMasterId": "Product.10082848",
      "searchTrackingTitle": "Avokado",
      "searchTrackingPageSize": 100,
      "searchTrackingPage": 1,
      "searchTrackingEvent": "click",
      "list": "search",
      "searchTrackingId": "Product.10082848",
      "searchTrackingOrigPos": 1,
      "searchTrackingPos": 4,
      "searchTrackingOrigPageSize": 100,
      "searchTrackingChannel": "SI",
      "category": "Food"
    }
  },
  {
    "code": "10082823",
    "name": "Medena melona",
    "url": "",
    "result_class": "product",
    "type": "product",
    "product_id": 10082823,
    "erp_number": "10082823",
    "item_id": 10082823,
    "full_title": "Medena melona",
    "title": "Medena melona",
    "category": "Food",
    "product_type": "RETAIL",
    "age_restriction": false,
    "is_used_product": false,
    "multipack": false,
    "online": false,
    "store": false,
    "quick_add_to_cart": false,
    "flash_sales": false,
    "having_videos": false,
    "having_threesixty": false,
    "price": 1.29,
    "old_price": 1.99,
    "currency_code": "EUR",
    "currency_symbol": "€",
    "has_star": true,
    "has_vat": false,
    "price_theme": "white_red",
    "variants_have_different_prices": false,
    "base_price_text": null,
    "base_price_prefix": null,
    "packaging_text": "za kg",
    "discount_deleted_price": 1.99,
    "discount_text": "- 35 %",
    "discount_percentage": 35,
    "discount_has_star": false,
    "show_discount": true,
    "show_percentage": true,
    "from_recommended_price": false,
    "availability_indicator": 0,
    "online_available": false,
    "min_orderable_quantity": 1,
    "orderable_quantities": [],
    "badge_texts": [
      "V trgovini od 11.07. do 12.07."
    ],
    "badge_types": [
      "IN_STORE_FROM_FUTURE_DATE_RANGE"
    ],
    "main_image": "https://imgproxy-retcat.assets.schwarz/bhR9AWCgNDlVFkkuqdKsz0NatUCFRr5Mtu0KG8sm4ZI/sm:1/w:427/h:320/cz/M6Ly9wcm9kLWNhd/GFsb2ctbWVkaWEvc2kvMS8xODg5ODYyQkIwOUU5NUU4Q0RFQjk1MTR/CQjU2QTg3MkQ2QzQ3NjZENThDQzc0ODAwQjExNUE3ODQ4NjlCMTQ0LmpwZw.jpg",
    "image_list": [
      "https://imgproxy-retcat.assets.schwarz/bhR9AWCgNDlVFkkuqdKsz0NatUCFRr5Mtu0KG8sm4ZI/sm:1/w:427/h:320/cz/M6Ly9wcm9kLWNhd/GFsb2ctbWVkaWEvc2kvMS8xODg5ODYyQkIwOUU5NUU4Q0RFQjk1MTR/CQjU2QTg3MkQ2QzQ3NjZENThDQzc0ODAwQjExNUE3ODQ4NjlCMTQ0LmpwZw.jpg"
    ],
    "image_accessibility": "Dve rumeni meloni na pletenem podstavku.",
    "detailed_images": [
      {
        "url": "https://imgproxy-retcat.assets.schwarz/bhR9AWCgNDlVFkkuqdKsz0NatUCFRr5Mtu0KG8sm4ZI/sm:1/w:427/h:320/cz/M6Ly9wcm9kLWNhd/GFsb2ctbWVkaWEvc2kvMS8xODg5ODYyQkIwOUU5NUU4Q0RFQjk1MTR/CQjU2QTg3MkQ2QzQ3NjZENThDQzc0ODAwQjExNUE3ODQ4NjlCMTQ0LmpwZw.jpg",
        "accessibility": "Dve rumeni meloni na pletenem podstavku."
      }
    ],
    "analytics_category": "Food",
    "more_details": "Dodatne podrobnosti o izdelku",
    "won_category_primary": "Svetovi potreb/Hrana in bližnja hrana/Sadje in zelenjava",
    "won_category_primary_path": "0/17/1710",
    "canonical_path": "/p/medena-melona/p10082823",
    "canonical_url": "/p/medena-melona/p10082823",
    "awards": [],
    "seals": [],
    "ribbons": [],
    "highlighted_seals": 0,
    "lidl_plus": [],
    "regions": [],
    "ians": [
      "80550"
    ],
    "show_brand": false,
    "deal_of_day_active": false,
    "full_title_meta": "Medena melona",
    "lists": [
      4991
    ],
    "preview": false,
    "category_breadcrumbs": [
      {
        "id": "10068374",
        "name": "Hrana in pijača",
        "url": "/c/hrana-in-pijaca/s10068374",
        "hidden": false
      },
      {
        "id": "10071012",
        "name": "Sadje in zelenjava",
        "url": "/h/sadje-in-zelenjava/h10071012",
        "hidden": false
      }
    ],
    "campaigns": [
      {
        "id": "Current_Sales_Week",
        "name": "Ta teden",
        "url": null,
        "hidden": false
      },
      {
        "id": "10075263",
        "name": "Super vikend",
        "url": "/c/super-vikend/a10075263",
        "hidden": false
      }
    ],
    "world_of_needs_code": "1710",
    "world_of_needs_name": "Sadje in zelenjava",
    "world_of_needs_parent": "17",
    "is_main_category": true,
    "super_categories": [
      {
        "code": "17",
        "name": "Hrana in bližnja hrana",
        "parent": "0"
      },
      {
        "code": "0",
        "name": "Svetovi potreb",
        "parent": ""
      }
    ],
    "position": 5,
    "tracking_payload": {
      "searchTrackingMasterId": "Product.10082823",
      "searchTrackingTitle": "Medena+melona",
      "searchTrackingPageSize": 100,
      "searchTrackingPage": 1,
      "searchTrackingEvent": "click",
      "list": "search",
      "searchTrackingId": "Product.10082823",
      "searchTrackingOrigPos": 1,
      "searchTrackingPos": 5,
      "searchTrackingOrigPageSize": 100,
      "searchTrackingChannel": "SI",
      "category": "Food"
    }
  },
  {
    "code": "10082385",
    "name": "Mini kumarice",
    "url": "",
    "result_class": "product",
    "type": "product",
    "product_id": 10082385,
    "erp_number": "10082385",
    "item_id": 10082385,
    "full_title": "Mini kumarice",
    "title": "Mini kumarice",
    "category": "Food",
    "product_type": "RETAIL",
    "age_restriction": false,
    "is_used_product": false,
    "multipack": false,
    "online": false,
    "store": true,
    "quick_add_to_cart": false,
    "flash_sales": false,
    "having_videos": false,
    "having_threesixty": false,
    "price": 0.99,
    "old_price": 1.79,
    "currency_code": "EUR",
    "currency_symbol": "€",
    "has_star": true,
    "has_vat": false,
    "price_theme": "white_red",
    "variants_have_different_prices": false,
    "base_price_text": "1 kg = 3.96",
    "base_price_prefix": false,
    "packaging_text": "250 g",
    "discount_deleted_price": 1.79,
    "discount_text": "- 44 %",
    "discount_percentage": 44,
    "discount_has_star": false,
    "show_discount": true,
    "show_percentage": true,
    "from_recommended_price": false,
    "availability_indicator": 0,
    "online_available": false,
    "min_orderable_quantity": 1,
    "orderable_quantities": [],
    "badge_texts": [
      "V trgovini od 07.07. do 09.07."
    ],
    "badge_types": [
      "IN_STORE_TODAY_DATE_RANGE"
    ],
    "main_image": "https://imgproxy-retcat.assets.schwarz/O_LyVfJ9pTMoJI9f2i7pyYV7VwiFPS_JNbjMqPjhk5A/sm:1/w:427/h:320/cz/M6Ly9wcm9kLWNhd/GFsb2ctbWVkaWEvc2kvMS9BQkY4RDlGRUIxNjJDOEM4QjExNkQ4NjR/CODkyNDBENDY4MjQ2RUE4RDNBODc1MkIyMkJDMzJCQ0EzQTA1QjczLmpwZw.jpg",
    "image_list": [
      "https://imgproxy-retcat.assets.schwarz/O_LyVfJ9pTMoJI9f2i7pyYV7VwiFPS_JNbjMqPjhk5A/sm:1/w:427/h:320/cz/M6Ly9wcm9kLWNhd/GFsb2ctbWVkaWEvc2kvMS9BQkY4RDlGRUIxNjJDOEM4QjExNkQ4NjR/CODkyNDBENDY4MjQ2RUE4RDNBODc1MkIyMkJDMzJCQ0EzQTA1QjczLmpwZw.jpg"
    ],
    "image_accessibility": "Košara s svežimi kumaricami.",
    "detailed_images": [
      {
        "url": "https://imgproxy-retcat.assets.schwarz/O_LyVfJ9pTMoJI9f2i7pyYV7VwiFPS_JNbjMqPjhk5A/sm:1/w:427/h:320/cz/M6Ly9wcm9kLWNhd/GFsb2ctbWVkaWEvc2kvMS9BQkY4RDlGRUIxNjJDOEM4QjExNkQ4NjR/CODkyNDBENDY4MjQ2RUE4RDNBODc1MkIyMkJDMzJCQ0EzQTA1QjczLmpwZw.jpg",
        "accessibility": "Košara s svežimi kumaricami."
      }
    ],
    "analytics_category": "Food",
    "more_details": "Dodatne podrobnosti o izdelku",
    "won_category_primary": "Svetovi potreb/Hrana in bližnja hrana/Sadje in zelenjava",
    "won_category_primary_path": "0/17/1710",
    "canonical_path": "/p/mini-kumarice/p10082385",
    "canonical_url": "/p/mini-kumarice/p10082385",
    "awards": [],
    "seals": [],
    "ribbons": [],
    "highlighted_seals": 0,
    "lidl_plus": [],
    "regions": [],
    "ians": [
      "82241"
    ],
    "show_brand": false,
    "deal_of_day_active": false,
    "full_title_meta": "Mini kumarice",
    "lists": [
      4986
    ],
    "preview": false,
    "category_breadcrumbs": [
      {
        "id": "10068374",
        "name": "Hrana in pijača",
        "url": "/c/hrana-in-pijaca/s10068374",
        "hidden": false
      },
      {
        "id": "10071012",
        "name": "Sadje in zelenjava",
        "url": "/h/sadje-in-zelenjava/h10071012",
        "hidden": false
      }
    ],
    "campaigns": [
      {
        "id": "Current_Sales_Week",
        "name": "Ta teden",
        "url": null,
        "hidden": false
      },
      {
        "id": "10074822",
        "name": "Tvoja Lidl cena",
        "url": "/c/tvoja-lidl-cena/a10074822",
        "hidden": false
      }
    ],
    "world_of_needs_code": "1710",
    "world_of_needs_name": "Sadje in zelenjava",
    "world_of_needs_parent": "17",
    "is_main_category": true,
    "super_categories": [
      {
        "code": "17",
        "name": "Hrana in bližnja hrana",
        "parent": "0"
      },
      {
        "code": "0",
        "name": "Svetovi potreb",
        "parent": ""
      }
    ],
    "position": 6,
    "tracking_payload": {
      "searchTrackingMasterId": "Product.10082385",
      "searchTrackingTitle": "Mini+kumarice",
      "searchTrackingPageSize": 100,
      "searchTrackingPage": 1,
      "searchTrackingEvent": "click",
      "list": "search",
      "searchTrackingId": "Product.10082385",
      "searchTrackingOrigPos": 1,
      "searchTrackingPos": 6,
      "searchTrackingOrigPageSize": 100,
      "searchTrackingChannel": "SI",
      "category": "Food"
    }
  },
  {
    "code": "10082817",
    "name": "Mini rolade",
    "url": "",
    "result_class": "product",
    "type": "product",
    "product_id": 10082817,
    "erp_number": "10082817",
    "item_id": 10082817,
    "full_title": "TASTINO Mini rolade",
    "title": "Mini rolade",
    "category": "Food",
    "product_type": "RETAIL",
    "age_restriction": false,
    "is_used_product": false,
    "multipack": false,
    "online": false,
    "store": false,
    "quick_add_to_cart": false,
    "flash_sales": false,
    "having_videos": false,
    "having_threesixty": false,
    "price": 1.69,
    "old_price": 2.59,
    "currency_code": "EUR",
    "currency_symbol": "€",
    "has_star": true,
    "has_vat": false,
    "price_theme": "white_red",
    "variants_have_different_prices": false,
    "base_price_text": "1 kg = 6.04",
    "base_price_prefix": false,
    "packaging_text": "280 g",
    "discount_deleted_price": 2.59,
    "discount_text": "- 34 %",
    "discount_percentage": 34,
    "discount_has_star": false,
    "show_discount": true,
    "show_percentage": true,
    "from_recommended_price": false,
    "availability_indicator": 0,
    "online_available": false,
    "min_orderable_quantity": 1,
    "orderable_quantities": [],
    "badge_texts": [
      "V trgovini od 11.07. do 12.07."
    ],
    "badge_types": [
      "IN_STORE_FROM_FUTURE_DATE_RANGE"
    ],
    "main_image": "https://imgproxy-retcat.assets.schwarz/cdpT7j44CQOH0ocObgRPmMtm_xHFtdooiocYtIjOe5M/sm:1/w:427/h:320/cz/M6Ly9wcm9kLWNhd/GFsb2ctbWVkaWEvc2kvMS82OTQ0QUI1REY1N0JDMTVFRjEzMjYxN0E/yNENFRTQzNDc3QjYwOEJDMjlGQjc0RkZFRTk3RjA1MThDRkU0MThELmpwZw.jpg",
    "image_list": [
      "https://imgproxy-retcat.assets.schwarz/cdpT7j44CQOH0ocObgRPmMtm_xHFtdooiocYtIjOe5M/sm:1/w:427/h:320/cz/M6Ly9wcm9kLWNhd/GFsb2ctbWVkaWEvc2kvMS82OTQ0QUI1REY1N0JDMTVFRjEzMjYxN0E/yNENFRTQzNDc3QjYwOEJDMjlGQjc0RkZFRTk3RjA1MThDRkU0MThELmpwZw.jpg",
      "https://imgproxy-retcat.assets.schwarz/FxC-qYdyDfyBlvicxtWHZBBVPxehX7DYFvaOTVrwrXs/sm:1/w:427/h:320/cz/M6Ly9wcm9kLWNhd/GFsb2ctbWVkaWEvc2kvMS82NTE1RUNDRjFGRDJBQzAyNEIxQzhEMkV/CMUUwNUFFOEU2ODE2QjhBMzU5QzUyNTYxQjA1QUY5Njc2RTdCNDBGLmpwZw.jpg",
      "https://imgproxy-retcat.assets.schwarz/zKEqW2-eRWMPOglg2I6ld5vEtN-p_oTSm8kKNHbPSzQ/sm:1/w:427/h:320/cz/M6Ly9wcm9kLWNhd/GFsb2ctbWVkaWEvc2kvMS9BMDk1NjY4QTIwQkMzRjY4MDFEQjE4RjE/zNjI2N0QxOTIyQjY3Mjg1NTMzN0JGMzVBNzI2RTZDNjRCQjc4RjYxLmpwZw.jpg"
    ],
    "image_accessibility": "Dve embalaži mini rolad, čokoladna in vanilijeva, znamke Tušmarket.",
    "detailed_images": [
      {
        "url": "https://imgproxy-retcat.assets.schwarz/cdpT7j44CQOH0ocObgRPmMtm_xHFtdooiocYtIjOe5M/sm:1/w:427/h:320/cz/M6Ly9wcm9kLWNhd/GFsb2ctbWVkaWEvc2kvMS82OTQ0QUI1REY1N0JDMTVFRjEzMjYxN0E/yNENFRTQzNDc3QjYwOEJDMjlGQjc0RkZFRTk3RjA1MThDRkU0MThELmpwZw.jpg",
        "accessibility": "Dve embalaži mini rolad, čokoladna in vanilijeva, znamke Tušmarket."
      },
      {
        "url": "https://imgproxy-retcat.assets.schwarz/FxC-qYdyDfyBlvicxtWHZBBVPxehX7DYFvaOTVrwrXs/sm:1/w:427/h:320/cz/M6Ly9wcm9kLWNhd/GFsb2ctbWVkaWEvc2kvMS82NTE1RUNDRjFGRDJBQzAyNEIxQzhEMkV/CMUUwNUFFOEU2ODE2QjhBMzU5QzUyNTYxQjA1QUY5Njc2RTdCNDBGLmpwZw.jpg",
        "accessibility": "Paket mini rolad Tuc velikih 100g s čokoladnim nadevom."
      },
      {
        "url": "https://imgproxy-retcat.assets.schwarz/zKEqW2-eRWMPOglg2I6ld5vEtN-p_oTSm8kKNHbPSzQ/sm:1/w:427/h:320/cz/M6Ly9wcm9kLWNhd/GFsb2ctbWVkaWEvc2kvMS9BMDk1NjY4QTIwQkMzRjY4MDFEQjE4RjE/zNjI2N0QxOTIyQjY3Mjg1NTMzN0JGMzVBNzI2RTZDNjRCQjc4RjYxLmpwZw.jpg",
        "accessibility": "Paket mini rolad Västerbotten, okus vanilije."
      }
    ],
    "analytics_category": "Food",
    "more_details": "Dodatne podrobnosti o izdelku",
    "won_category_primary": "Svetovi potreb/Hrana in bližnja hrana/Prigrizki in slaščice",
    "won_category_primary_path": "0/17/1721",
    "canonical_path": "/p/tastino-mini-rolade/p10082817",
    "canonical_url": "/p/tastino-mini-rolade/p10082817",
    "awards": [],
    "seals": [
      {
        "altText": "Žig Rainforest Alliance: Ljudje & Narava",
        "image": "https://imgproxy-retcat.assets.schwarz/lbMCis-jGZQNzMXk3WVad3uyJkZ4j8S3P-DyZdCd0KE/sm:1/w:140/cz/M6Ly9wcm9kLWNhd/GFsb2ctbWVkaWEvc2kvMi9FNjBFQjg3QzI4NzMzREE2NTY4NzA1OUN/EMUZDNkVCNUEwMkQxODZDNkQ0MUNFMjVDREJCMjdGNThDRDhGNEJBLnBuZw.png"
      },
      {
        "altText": "Slovenski izdelek",
        "image": "https://imgproxy-retcat.assets.schwarz/065GlWscfuyzRNlqdEjgEaZNE6893872XSglFaanlJA/sm:1/w:140/cz/M6Ly9wcm9kLWNhd/GFsb2ctbWVkaWEvc2kvMi83RTk4NkYyRDk1MTlDRUJBNzA1N0JGMzA/1QjA1NjUyRjVCMjMzNzZGRjY4MzVEREFGQzIwQzE5NDVFQUE5M0RCLnBuZw.png"
      }
    ],
    "ribbons": [],
    "highlighted_seals": 0,
    "lidl_plus": [],
    "regions": [],
    "ians": [
      "7307178"
    ],
    "show_brand": true,
    "deal_of_day_active": false,
    "full_title_meta": "TASTINO Mini rolade",
    "lists": [
      4991
    ],
    "preview": false,
    "category_breadcrumbs": [
      {
        "id": "10068374",
        "name": "Hrana in pijača",
        "url": "/c/hrana-in-pijaca/s10068374",
        "hidden": false
      },
      {
        "id": "10071044",
        "name": "Prigrizki in sladkarije",
        "url": "/h/prigrizki-in-sladkarije/h10071044",
        "hidden": false
      }
    ],
    "campaigns": [
      {
        "id": "Current_Sales_Week",
        "name": "Ta teden",
        "url": null,
        "hidden": false
      },
      {
        "id": "10075263",
        "name": "Super vikend",
        "url": "/c/super-vikend/a10075263",
        "hidden": false
      }
    ],
    "world_of_needs_code": "1721",
    "world_of_needs_name": "Prigrizki in slaščice",
    "world_of_needs_parent": "17",
    "is_main_category": true,
    "super_categories": [
      {
        "code": "17",
        "name": "Hrana in bližnja hrana",
        "parent": "0"
      },
      {
        "code": "0",
        "name": "Svetovi potreb",
        "parent": ""
      }
    ],
    "position": 7,
    "tracking_payload": {
      "searchTrackingMasterId": "Product.10082817",
      "searchTrackingTitle": "Mini+rolade",
      "searchTrackingPageSize": 100,
      "searchTrackingPage": 1,
      "searchTrackingEvent": "click",
      "list": "search",
      "searchTrackingId": "Product.10082817",
      "searchTrackingOrigPos": 1,
      "searchTrackingPos": 7,
      "searchTrackingOrigPageSize": 100,
      "searchTrackingChannel": "SI",
      "category": "Food"
    }
  },
  {
    "code": "10075331",
    "name": "Premium sladoled",
    "url": "",
    "result_class": "product",
    "type": "product",
    "product_id": 10075331,
    "erp_number": "10075331",
    "item_id": 10075331,
    "full_title": "GELATELLI Premium sladoled",
    "title": "Premium sladoled",
    "category": "Food",
    "product_type": "RETAIL",
    "age_restriction": false,
    "is_used_product": false,
    "multipack": false,
    "online": false,
    "store": false,
    "quick_add_to_cart": false,
    "flash_sales": false,
    "having_videos": false,
    "having_threesixty": false,
    "price": 1.99,
    "old_price": 2.99,
    "currency_code": "EUR",
    "currency_symbol": "€",
    "has_star": true,
    "has_vat": false,
    "price_theme": "white_red",
    "variants_have_different_prices": false,
    "base_price_text": "1 l = 5.53",
    "base_price_prefix": false,
    "packaging_text": "4 x 90 ml",
    "discount_deleted_price": 2.99,
    "discount_text": "- 33 %",
    "discount_percentage": 33,
    "discount_has_star": false,
    "show_discount": true,
    "show_percentage": true,
    "from_recommended_price": false,
    "availability_indicator": 0,
    "online_available": false,
    "min_orderable_quantity": 1,
    "orderable_quantities": [],
    "badge_texts": [
      "V trgovini od 10.07. do 16.07."
    ],
    "badge_types": [
      "IN_STORE_FROM_FUTURE_DATE_RANGE"
    ],
    "main_image": "https://imgproxy-retcat.assets.schwarz/SMpBZmCPs0dWWhLFInxG138gKZ90H3j59N9gvobwaYA/sm:1/w:427/h:320/cz/M6Ly9wcm9kLWNhd/GFsb2ctbWVkaWEvc2kvMS9CNjRDNDJCQzMxQ0ZGOEZCQjMxOTQxNTM/yODI2NERFNkMzRTFDQzVCMkFEOUZBOEY1QjIwM0EzOTFCOEZCMUZFLmpwZw.jpg",
    "image_list": [
      "https://imgproxy-retcat.assets.schwarz/SMpBZmCPs0dWWhLFInxG138gKZ90H3j59N9gvobwaYA/sm:1/w:427/h:320/cz/M6Ly9wcm9kLWNhd/GFsb2ctbWVkaWEvc2kvMS9CNjRDNDJCQzMxQ0ZGOEZCQjMxOTQxNTM/yODI2NERFNkMzRTFDQzVCMkFEOUZBOEY1QjIwM0EzOTFCOEZCMUZFLmpwZw.jpg",
      "https://imgproxy-retcat.assets.schwarz/o9Ps5CXuXf7_YzeHPVi4cZDYv9r_f7d1e4TjrvCo34E/sm:1/w:427/h:320/cz/M6Ly9wcm9kLWNhd/GFsb2ctbWVkaWEvc2kvMS8wNkRBQzdBMjJENDFCOTQ3NEMzNDBCMkI/2RjIzODBENDNERkZFMEYzNTAyOTA4RDdDNkFENEJBNkNDRDIxMThBLmpwZw.jpg",
      "https://imgproxy-retcat.assets.schwarz/vulJYLd1sp4xiusdvm_dk2zmLKiBtEtekLgcmfVF8Dg/sm:1/w:427/h:320/cz/M6Ly9wcm9kLWNhd/GFsb2ctbWVkaWEvc2kvMS9BNTZFQjAzNTI2NDJCMkI4QUY3MDg1OUV/ERjI5NjAwQjdERDkxMEU0OEY2MDUwQTE2RjcyMTQ3QzVGRjFDMjFELmpwZw.jpg"
    ],
    "image_accessibility": "Trije paketi sladoleda Optima: slana karamela, bela čokolada z meto in panna cotta.",
    "detailed_images": [
      {
        "url": "https://imgproxy-retcat.assets.schwarz/SMpBZmCPs0dWWhLFInxG138gKZ90H3j59N9gvobwaYA/sm:1/w:427/h:320/cz/M6Ly9wcm9kLWNhd/GFsb2ctbWVkaWEvc2kvMS9CNjRDNDJCQzMxQ0ZGOEZCQjMxOTQxNTM/yODI2NERFNkMzRTFDQzVCMkFEOUZBOEY1QjIwM0EzOTFCOEZCMUZFLmpwZw.jpg",
        "accessibility": "Trije paketi sladoleda Optima: slana karamela, bela čokolada z meto in panna cotta."
      },
      {
        "url": "https://imgproxy-retcat.assets.schwarz/o9Ps5CXuXf7_YzeHPVi4cZDYv9r_f7d1e4TjrvCo34E/sm:1/w:427/h:320/cz/M6Ly9wcm9kLWNhd/GFsb2ctbWVkaWEvc2kvMS8wNkRBQzdBMjJENDFCOTQ3NEMzNDBCMkI/2RjIzODBENDNERkZFMEYzNTAyOTA4RDdDNkFENEJBNkNDRDIxMThBLmpwZw.jpg",
        "accessibility": "Gino Premium sladoledna palčka s slano karamelo in makadamijo."
      },
      {
        "url": "https://imgproxy-retcat.assets.schwarz/vulJYLd1sp4xiusdvm_dk2zmLKiBtEtekLgcmfVF8Dg/sm:1/w:427/h:320/cz/M6Ly9wcm9kLWNhd/GFsb2ctbWVkaWEvc2kvMS9BNTZFQjAzNTI2NDJCMkI4QUY3MDg1OUV/ERjI5NjAwQjdERDkxMEU0OEY2MDUwQTE2RjcyMTQ3QzVGRjFDMjFELmpwZw.jpg",
        "accessibility": "Glace Premium sladoledni štapič s pistacijami in belo čokolado."
      }
    ],
    "analytics_category": "Food",
    "more_details": "Dodatne podrobnosti o izdelku",
    "won_category_primary": "Svetovi potreb/Hrana in bližnja hrana/Zamrznjena hrana (Zamrznjena hrana)",
    "won_category_primary_path": "0/17/1716",
    "canonical_path": "/p/gelatelli-premium-sladoled/p10075331",
    "canonical_url": "/p/gelatelli-premium-sladoled/p10075331",
    "awards": [],
    "seals": [],
    "ribbons": [],
    "highlighted_seals": 0,
    "lidl_plus": [],
    "regions": [],
    "ians": [
      "98647"
    ],
    "show_brand": true,
    "deal_of_day_active": false,
    "full_title_meta": "GELATELLI Premium sladoled",
    "lists": [
      4991
    ],
    "preview": false,
    "category_breadcrumbs": [
      {
        "id": "10068374",
        "name": "Hrana in pijača",
        "url": "/c/hrana-in-pijaca/s10068374",
        "hidden": false
      },
      {
        "id": "10071049",
        "name": "Zamrznjena hrana",
        "url": "/h/zamrznjena-hrana/h10071049",
        "hidden": false
      }
    ],
    "campaigns": [
      {
        "id": "Current_Sales_Week",
        "name": "Ta teden",
        "url": null,
        "hidden": false
      },
      {
        "id": "10072826",
        "name": "Tvoja osvežitev se začne v Lidlu.",
        "url": "/c/tvoja-osvezitev-se-zacne-v-lidlu/a10072826",
        "hidden": false
      }
    ],
    "world_of_needs_code": "1716",
    "world_of_needs_name": "Zamrznjena hrana (Zamrznjena hrana)",
    "world_of_needs_parent": "17",
    "is_main_category": true,
    "super_categories": [
      {
        "code": "17",
        "name": "Hrana in bližnja hrana",
        "parent": "0"
      },
      {
        "code": "0",
        "name": "Svetovi potreb",
        "parent": ""
      }
    ],
    "position": 8,
    "tracking_payload": {
      "searchTrackingMasterId": "Product.10075331",
      "searchTrackingTitle": "Premium+sladoled",
      "searchTrackingPageSize": 100,
      "searchTrackingPage": 1,
      "searchTrackingEvent": "click",
      "list": "search",
      "searchTrackingId": "Product.10075331",
      "searchTrackingOrigPos": 1,
      "searchTrackingPos": 8,
      "searchTrackingOrigPageSize": 100,
      "searchTrackingChannel": "SI",
      "category": "Food"
    }
  },
  {
    "code": "10079115",
    "name": "Sadni sladoled",
    "url": "",
    "result_class": "product",
    "type": "product",
    "product_id": 10079115,
    "erp_number": "10079115",
    "item_id": 10079115,
    "full_title": "GELATELLI Sadni sladoled",
    "title": "Sadni sladoled",
    "category": "Food",
    "product_type": "RETAIL",
    "age_restriction": false,
    "is_used_product": false,
    "multipack": false,
    "online": false,
    "store": false,
    "quick_add_to_cart": false,
    "flash_sales": false,
    "having_videos": false,
    "having_threesixty": false,
    "price": 3.99,
    "old_price": 5.98,
    "currency_code": "EUR",
    "currency_symbol": "€",
    "has_star": true,
    "has_vat": false,
    "price_theme": "white_red",
    "variants_have_different_prices": false,
    "base_price_text": "1 l = 5.47",
    "base_price_prefix": false,
    "packaging_text": "5 x 73 ml",
    "discount_deleted_price": 5.98,
    "discount_text": "- 33%/2 za 3.99**",
    "discount_percentage": 33,
    "discount_has_star": false,
    "show_discount": true,
    "show_percentage": true,
    "from_recommended_price": false,
    "availability_indicator": 0,
    "online_available": false,
    "min_orderable_quantity": 1,
    "orderable_quantities": [],
    "badge_texts": [
      "V trgovini od 10.07. do 16.07."
    ],
    "badge_types": [
      "IN_STORE_FROM_FUTURE_DATE_RANGE"
    ],
    "main_image": "https://imgproxy-retcat.assets.schwarz/OInEwYheTBhYZdNl42Dj3c7aWFjf7WFtIcXY_zGI_vI/sm:1/w:427/h:320/cz/M6Ly9wcm9kLWNhd/GFsb2ctbWVkaWEvc2kvMS8wMEFCOTBDM0I3QTBCOTgwQjRGRDY2NTU/xOUIyMzgxRDUzMTJDNjg4MDMxRDUyODNGOTRBNkU3Q0E4OTA1NzQ0LmpwZw.jpg",
    "image_list": [
      "https://imgproxy-retcat.assets.schwarz/OInEwYheTBhYZdNl42Dj3c7aWFjf7WFtIcXY_zGI_vI/sm:1/w:427/h:320/cz/M6Ly9wcm9kLWNhd/GFsb2ctbWVkaWEvc2kvMS8wMEFCOTBDM0I3QTBCOTgwQjRGRDY2NTU/xOUIyMzgxRDUzMTJDNjg4MDMxRDUyODNGOTRBNkU3Q0E4OTA1NzQ0LmpwZw.jpg"
    ],
    "image_accessibility": "Dva paketa sladoleda Melonnice v obliki trikotnika.",
    "detailed_images": [
      {
        "url": "https://imgproxy-retcat.assets.schwarz/OInEwYheTBhYZdNl42Dj3c7aWFjf7WFtIcXY_zGI_vI/sm:1/w:427/h:320/cz/M6Ly9wcm9kLWNhd/GFsb2ctbWVkaWEvc2kvMS8wMEFCOTBDM0I3QTBCOTgwQjRGRDY2NTU/xOUIyMzgxRDUzMTJDNjg4MDMxRDUyODNGOTRBNkU3Q0E4OTA1NzQ0LmpwZw.jpg",
        "accessibility": "Dva paketa sladoleda Melonnice v obliki trikotnika."
      }
    ],
    "analytics_category": "Food",
    "more_details": "Dodatne podrobnosti o izdelku",
    "won_category_primary": "Svetovi potreb/Hrana in bližnja hrana/Zamrznjena hrana (Zamrznjena hrana)",
    "won_category_primary_path": "0/17/1716",
    "canonical_path": "/p/gelatelli-sadni-sladoled/p10079115",
    "canonical_url": "/p/gelatelli-sadni-sladoled/p10079115",
    "awards": [],
    "seals": [],
    "ribbons": [],
    "highlighted_seals": 0,
    "lidl_plus": [],
    "regions": [],
    "ians": [
      "184126"
    ],
    "show_brand": true,
    "deal_of_day_active": false,
    "full_title_meta": "GELATELLI Sadni sladoled",
    "lists": [
      4991
    ],
    "preview": false,
    "category_breadcrumbs": [
      {
        "id": "10068374",
        "name": "Hrana in pijača",
        "url": "/c/hrana-in-pijaca/s10068374",
        "hidden": false
      },
      {
        "id": "10071049",
        "name": "Zamrznjena hrana",
        "url": "/h/zamrznjena-hrana/h10071049",
        "hidden": false
      }
    ],
    "campaigns": [
      {
        "id": "Current_Sales_Week",
        "name": "Ta teden",
        "url": null,
        "hidden": false
      },
      {
        "id": "10072826",
        "name": "Tvoja osvežitev se začne v Lidlu.",
        "url": "/c/tvoja-osvezitev-se-zacne-v-lidlu/a10072826",
        "hidden": false
      }
    ],
    "world_of_needs_code": "1716",
    "world_of_needs_name": "Zamrznjena hrana (Zamrznjena hrana)",
    "world_of_needs_parent": "17",
    "is_main_category": true,
    "super_categories": [
      {
        "code": "17",
        "name": "Hrana in bližnja hrana",
        "parent": "0"
      },
      {
        "code": "0",
        "name": "Svetovi potreb",
        "parent": ""
      }
    ],
    "position": 9,
    "tracking_payload": {
      "searchTrackingMasterId": "Product.10079115",
      "searchTrackingTitle": "Sadni+sladoled",
      "searchTrackingPageSize": 100,
      "searchTrackingPage": 1,
      "searchTrackingEvent": "click",
      "list": "search",
      "searchTrackingId": "Product.10079115",
      "searchTrackingOrigPos": 1,
      "searchTrackingPos": 9,
      "searchTrackingOrigPageSize": 100,
      "searchTrackingChannel": "SI",
      "category": "Food"
    }
  },
  {
    "code": "10079590",
    "name": "Sladoled v lončku",
    "url": "",
    "result_class": "product",
    "type": "product",
    "product_id": 10079590,
    "erp_number": "10079590",
    "item_id": 10079590,
    "full_title": "GELATELLI Sladoled v lončku",
    "title": "Sladoled v lončku",
    "category": "Food",
    "product_type": "RETAIL",
    "age_restriction": false,
    "is_used_product": false,
    "multipack": false,
    "online": false,
    "store": false,
    "quick_add_to_cart": false,
    "flash_sales": false,
    "having_videos": false,
    "having_threesixty": false,
    "price": 3.99,
    "old_price": 5.98,
    "currency_code": "EUR",
    "currency_symbol": "€",
    "has_star": true,
    "has_vat": false,
    "price_theme": "white_red",
    "variants_have_different_prices": false,
    "base_price_text": "1 l = 4.34",
    "base_price_prefix": false,
    "packaging_text": "460 ml",
    "discount_deleted_price": 5.98,
    "discount_text": "- 33%/2 za 3.99**",
    "discount_percentage": 33,
    "discount_has_star": false,
    "show_discount": true,
    "show_percentage": true,
    "from_recommended_price": false,
    "availability_indicator": 0,
    "online_available": false,
    "min_orderable_quantity": 1,
    "orderable_quantities": [],
    "badge_texts": [
      "V trgovini od 10.07. do 16.07."
    ],
    "badge_types": [
      "IN_STORE_FROM_FUTURE_DATE_RANGE"
    ],
    "main_image": "https://imgproxy-retcat.assets.schwarz/bILNaZPJ5ecik8d8u8nnbJawb7MHRD-kfaiWudnf4Fc/sm:1/w:427/h:320/cz/M6Ly9wcm9kLWNhd/GFsb2ctbWVkaWEvc2kvMS9FRUI2RDkxQjMzNDI4Q0RCQkFCNzJGOUQ/xRThGMzRBODlEMEE0NUFBMkVBQTNFRDRDQUQ5NjVFRkRCNkE1QjgzLmpwZw.jpg",
    "image_list": [
      "https://imgproxy-retcat.assets.schwarz/bILNaZPJ5ecik8d8u8nnbJawb7MHRD-kfaiWudnf4Fc/sm:1/w:427/h:320/cz/M6Ly9wcm9kLWNhd/GFsb2ctbWVkaWEvc2kvMS9FRUI2RDkxQjMzNDI4Q0RCQkFCNzJGOUQ/xRThGMzRBODlEMEE0NUFBMkVBQTNFRDRDQUQ5NjVFRkRCNkE1QjgzLmpwZw.jpg",
      "https://imgproxy-retcat.assets.schwarz/L31jWO6AcfMauT68SV-JjWaHG4E1xv6Xff3Wk17Z-RY/sm:1/w:427/h:320/cz/M6Ly9wcm9kLWNhd/GFsb2ctbWVkaWEvc2kvMS9BNkZBOEM1RDVBMDQzMjEwQTZDMTVFM0F/BODQ2MTM3MUEyMTgyN0NDRkI3NjE3RjhCQzc2NEQ3MTU1RTQ0NjcyLmpwZw.jpg",
      "https://imgproxy-retcat.assets.schwarz/N1A0D-0IbiKxHw1TSrz5BQCu51aU_AjLIC1AKxlUj7A/sm:1/w:427/h:320/cz/M6Ly9wcm9kLWNhd/GFsb2ctbWVkaWEvc2kvMS80MjMxQUU0MkQ5OEU3NTJDNEZDNjE2M0I/4MjA5MjRGMjdGMTA3NThFNzdCQzJFRTVERDU0RTY0NUM0QjlFMTg4LmpwZw.jpg"
    ],
    "image_accessibility": "Tri posode sladoleda Selecta: kokosovo, arašidovo-karamelno in čokoladno.",
    "detailed_images": [
      {
        "url": "https://imgproxy-retcat.assets.schwarz/bILNaZPJ5ecik8d8u8nnbJawb7MHRD-kfaiWudnf4Fc/sm:1/w:427/h:320/cz/M6Ly9wcm9kLWNhd/GFsb2ctbWVkaWEvc2kvMS9FRUI2RDkxQjMzNDI4Q0RCQkFCNzJGOUQ/xRThGMzRBODlEMEE0NUFBMkVBQTNFRDRDQUQ5NjVFRkRCNkE1QjgzLmpwZw.jpg",
        "accessibility": "Tri posode sladoleda Selecta: kokosovo, arašidovo-karamelno in čokoladno."
      },
      {
        "url": "https://imgproxy-retcat.assets.schwarz/L31jWO6AcfMauT68SV-JjWaHG4E1xv6Xff3Wk17Z-RY/sm:1/w:427/h:320/cz/M6Ly9wcm9kLWNhd/GFsb2ctbWVkaWEvc2kvMS9BNkZBOEM1RDVBMDQzMjEwQTZDMTVFM0F/BODQ2MTM3MUEyMTgyN0NDRkI3NjE3RjhCQzc2NEQ3MTU1RTQ0NjcyLmpwZw.jpg",
        "accessibility": "Lonec sladoleda Čokoladni arašidovo-karamel."
      },
      {
        "url": "https://imgproxy-retcat.assets.schwarz/N1A0D-0IbiKxHw1TSrz5BQCu51aU_AjLIC1AKxlUj7A/sm:1/w:427/h:320/cz/M6Ly9wcm9kLWNhd/GFsb2ctbWVkaWEvc2kvMS80MjMxQUU0MkQ5OEU3NTJDNEZDNjE2M0I/4MjA5MjRGMjdGMTA3NThFNzdCQzJFRTVERDU0RTY0NUM0QjlFMTg4LmpwZw.jpg",
        "accessibility": "Lonček kokosovega sladoleda Creme de la Creme."
      }
    ],
    "analytics_category": "Food",
    "more_details": "Dodatne podrobnosti o izdelku",
    "won_category_primary": "Svetovi potreb/Hrana in bližnja hrana/Zamrznjena hrana (Zamrznjena hrana)",
    "won_category_primary_path": "0/17/1716",
    "canonical_path": "/p/gelatelli-sladoled-v-loncku/p10079590",
    "canonical_url": "/p/gelatelli-sladoled-v-loncku/p10079590",
    "awards": [],
    "seals": [],
    "ribbons": [],
    "highlighted_seals": 0,
    "lidl_plus": [],
    "regions": [],
    "ians": [
      "204967"
    ],
    "show_brand": true,
    "deal_of_day_active": false,
    "full_title_meta": "GELATELLI Sladoled v lončku",
    "lists": [
      4991
    ],
    "preview": false,
    "category_breadcrumbs": [
      {
        "id": "10068374",
        "name": "Hrana in pijača",
        "url": "/c/hrana-in-pijaca/s10068374",
        "hidden": false
      },
      {
        "id": "10071049",
        "name": "Zamrznjena hrana",
        "url": "/h/zamrznjena-hrana/h10071049",
        "hidden": false
      }
    ],
    "campaigns": [
      {
        "id": "Current_Sales_Week",
        "name": "Ta teden",
        "url": null,
        "hidden": false
      },
      {
        "id": "10072826",
        "name": "Tvoja osvežitev se začne v Lidlu.",
        "url": "/c/tvoja-osvezitev-se-zacne-v-lidlu/a10072826",
        "hidden": false
      }
    ],
    "world_of_needs_code": "1716",
    "world_of_needs_name": "Zamrznjena hrana (Zamrznjena hrana)",
    "world_of_needs_parent": "17",
    "is_main_category": true,
    "super_categories": [
      {
        "code": "17",
        "name": "Hrana in bližnja hrana",
        "parent": "0"
      },
      {
        "code": "0",
        "name": "Svetovi potreb",
        "parent": ""
      }
    ],
    "position": 10,
    "tracking_payload": {
      "searchTrackingMasterId": "Product.10079590",
      "searchTrackingTitle": "Sladoled+v+lon%C4%8Dku",
      "searchTrackingPageSize": 100,
      "searchTrackingPage": 1,
      "searchTrackingEvent": "click",
      "list": "search",
      "searchTrackingId": "Product.10079590",
      "searchTrackingOrigPos": 1,
      "searchTrackingPos": 10,
      "searchTrackingOrigPageSize": 100,
      "searchTrackingChannel": "SI",
      "category": "Food"
    }
  },
  {
    "code": "10082821",
    "name": "Salama Milano",
    "url": "",
    "result_class": "product",
    "type": "product",
    "product_id": 10082821,
    "erp_number": "10082821",
    "item_id": 10082821,
    "full_title": "DULANO SELECTION Salama Milano",
    "title": "Salama Milano",
    "category": "Food",
    "product_type": "RETAIL",
    "age_restriction": false,
    "is_used_product": false,
    "multipack": false,
    "online": false,
    "store": false,
    "quick_add_to_cart": false,
    "flash_sales": false,
    "having_videos": false,
    "having_threesixty": false,
    "price": 1.19,
    "old_price": 1.79,
    "currency_code": "EUR",
    "currency_symbol": "€",
    "has_star": true,
    "has_vat": false,
    "price_theme": "white_red",
    "variants_have_different_prices": false,
    "base_price_text": "1 kg = 7.93",
    "base_price_prefix": false,
    "packaging_text": "150 g",
    "discount_deleted_price": 1.79,
    "discount_text": "- 33 %",
    "discount_percentage": 33,
    "discount_has_star": false,
    "show_discount": true,
    "show_percentage": true,
    "from_recommended_price": false,
    "availability_indicator": 0,
    "online_available": false,
    "min_orderable_quantity": 1,
    "orderable_quantities": [],
    "badge_texts": [
      "V trgovini od 11.07. do 12.07."
    ],
    "badge_types": [
      "IN_STORE_FROM_FUTURE_DATE_RANGE"
    ],
    "main_image": "https://imgproxy-retcat.assets.schwarz/ieMI9chQRgAEso-SaBC5-6LEeg_cX8PNyDSl5U6BjMY/sm:1/w:427/h:320/cz/M6Ly9wcm9kLWNhd/GFsb2ctbWVkaWEvc2kvMS8xQTg2NzNDREYyQzA3NEQxMzY5NDQyRkY/0NUE5RjEwMTI5MzBBNTI1QzVDQTM2MTZEQzBERUEzNDQ4RDJBRDJFLmpwZw.jpg",
    "image_list": [
      "https://imgproxy-retcat.assets.schwarz/ieMI9chQRgAEso-SaBC5-6LEeg_cX8PNyDSl5U6BjMY/sm:1/w:427/h:320/cz/M6Ly9wcm9kLWNhd/GFsb2ctbWVkaWEvc2kvMS8xQTg2NzNDREYyQzA3NEQxMzY5NDQyRkY/0NUE5RjEwMTI5MzBBNTI1QzVDQTM2MTZEQzBERUEzNDQ4RDJBRDJFLmpwZw.jpg",
      "https://imgproxy-retcat.assets.schwarz/G_XTVNtqfQ9kUxjgJmX7TSQRV_P7pFWrRNpNAFbWeuU/sm:1/w:427/h:320/cz/M6Ly9wcm9kLWNhd/GFsb2ctbWVkaWEvc2kvMS83NjY5RTgxNzQ4MDQ5NTE1MkI2N0M3MjQ/yMjc2RDc2RjBEMEM0NzQxNTY1N0Y2ODFGNzM5MzA0OTc4MkFCOTk5LmpwZw.jpg",
      "https://imgproxy-retcat.assets.schwarz/BNyKzZ0qgRc9nSrJdAKfOzkdJHcGL-NbVfNqx63G7mg/sm:1/w:427/h:320/cz/M6Ly9wcm9kLWNhd/GFsb2ctbWVkaWEvc2kvMS82NkY0QkMzNkExRjZEMDEzMDExRkU1QkE/0QzhFOUQ4QUZCMTBEMzlCOUREMjcwRjdDOUMxQzQzRjE0OTFDMzA2LmpwZw.jpg"
    ],
    "image_accessibility": "Pakiranje salam Milano s tanko narezanimi rezinami na leseni deski.",
    "detailed_images": [
      {
        "url": "https://imgproxy-retcat.assets.schwarz/ieMI9chQRgAEso-SaBC5-6LEeg_cX8PNyDSl5U6BjMY/sm:1/w:427/h:320/cz/M6Ly9wcm9kLWNhd/GFsb2ctbWVkaWEvc2kvMS8xQTg2NzNDREYyQzA3NEQxMzY5NDQyRkY/0NUE5RjEwMTI5MzBBNTI1QzVDQTM2MTZEQzBERUEzNDQ4RDJBRDJFLmpwZw.jpg",
        "accessibility": "Pakiranje salam Milano s tanko narezanimi rezinami na leseni deski."
      },
      {
        "url": "https://imgproxy-retcat.assets.schwarz/G_XTVNtqfQ9kUxjgJmX7TSQRV_P7pFWrRNpNAFbWeuU/sm:1/w:427/h:320/cz/M6Ly9wcm9kLWNhd/GFsb2ctbWVkaWEvc2kvMS83NjY5RTgxNzQ4MDQ5NTE1MkI2N0M3MjQ/yMjc2RDc2RjBEMEM0NzQxNTY1N0Y2ODFGNzM5MzA0OTc4MkFCOTk5LmpwZw.jpg",
        "accessibility": "Pakiranje salam Milano."
      },
      {
        "url": "https://imgproxy-retcat.assets.schwarz/BNyKzZ0qgRc9nSrJdAKfOzkdJHcGL-NbVfNqx63G7mg/sm:1/w:427/h:320/cz/M6Ly9wcm9kLWNhd/GFsb2ctbWVkaWEvc2kvMS82NkY0QkMzNkExRjZEMDEzMDExRkU1QkE/0QzhFOUQ4QUZCMTBEMzlCOUREMjcwRjdDOUMxQzQzRjE0OTFDMzA2LmpwZw.jpg",
        "accessibility": "Na leseni deski sta dve vrsti narezano salame, obdani z olivami in vejico rožmarina."
      }
    ],
    "analytics_category": "Food",
    "more_details": "Dodatne podrobnosti o izdelku",
    "won_category_primary": "Svetovi potreb/Hrana in bližnja hrana/Klobase in meso",
    "won_category_primary_path": "0/17/1717",
    "canonical_path": "/p/dulano-selection-salama-milano/p10082821",
    "canonical_url": "/p/dulano-selection-salama-milano/p10082821",
    "awards": [],
    "seals": [
      {
        "altText": "Nalepka: Hlajeno",
        "image": "https://imgproxy-retcat.assets.schwarz/7x3Iby7aD19hFySDnP2YoXt7E1r0JrvJVj0QO1gUOes/sm:1/w:140/cz/M6Ly9wcm9kLWNhd/GFsb2ctbWVkaWEvc2kvMi8xMzFBN0E2RDlCREZGREQxOEE2OTFDNEZ/FNDE5RTM0QUMxQjY4OEQ0OUY2QTAxMTRDRjQ1RjdCNTNDRjM2NUJBLnBuZw.png"
      }
    ],
    "ribbons": [],
    "highlighted_seals": 0,
    "lidl_plus": [],
    "regions": [],
    "ians": [
      "6006201"
    ],
    "show_brand": true,
    "deal_of_day_active": false,
    "full_title_meta": "DULANO SELECTION Salama Milano",
    "lists": [
      4991
    ],
    "preview": false,
    "category_breadcrumbs": [
      {
        "id": "10068374",
        "name": "Hrana in pijača",
        "url": "/c/hrana-in-pijaca/s10068374",
        "hidden": false
      },
      {
        "id": "10071016",
        "name": "Meso in mesni izdelki",
        "url": "/h/meso-in-mesni-izdelki/h10071016",
        "hidden": false
      }
    ],
    "campaigns": [
      {
        "id": "Current_Sales_Week",
        "name": "Ta teden",
        "url": null,
        "hidden": false
      },
      {
        "id": "10075263",
        "name": "Super vikend",
        "url": "/c/super-vikend/a10075263",
        "hidden": false
      }
    ],
    "world_of_needs_code": "1717",
    "world_of_needs_name": "Klobase in meso",
    "world_of_needs_parent": "17",
    "is_main_category": true,
    "super_categories": [
      {
        "code": "17",
        "name": "Hrana in bližnja hrana",
        "parent": "0"
      },
      {
        "code": "0",
        "name": "Svetovi potreb",
        "parent": ""
      }
    ],
    "position": 11,
    "tracking_payload": {
      "searchTrackingMasterId": "Product.10082821",
      "searchTrackingTitle": "Salama+Milano",
      "searchTrackingPageSize": 100,
      "searchTrackingPage": 1,
      "searchTrackingEvent": "click",
      "list": "search",
      "searchTrackingId": "Product.10082821",
      "searchTrackingOrigPos": 1,
      "searchTrackingPos": 11,
      "searchTrackingOrigPageSize": 100,
      "searchTrackingChannel": "SI",
      "category": "Food"
    }
  },
  {
    "code": "10082692",
    "name": "Martinov kruh",
    "url": "",
    "result_class": "product",
    "type": "product",
    "product_id": 10082692,
    "erp_number": "10082692",
    "item_id": 10082692,
    "full_title": "Martinov kruh",
    "title": "Martinov kruh",
    "category": "Food",
    "product_type": "RETAIL",
    "age_restriction": false,
    "is_used_product": false,
    "multipack": false,
    "online": false,
    "store": false,
    "quick_add_to_cart": false,
    "flash_sales": false,
    "having_videos": false,
    "having_threesixty": false,
    "price": 1.19,
    "old_price": 1.69,
    "currency_code": "EUR",
    "currency_symbol": "€",
    "has_star": true,
    "has_vat": false,
    "price_theme": "white_red",
    "variants_have_different_prices": false,
    "base_price_text": "1 kg = 2.38",
    "base_price_prefix": false,
    "packaging_text": "500 g",
    "discount_deleted_price": 1.69,
    "discount_text": "- 29 %",
    "discount_percentage": 29,
    "discount_has_star": false,
    "show_discount": true,
    "show_percentage": true,
    "from_recommended_price": false,
    "availability_indicator": 0,
    "online_available": false,
    "min_orderable_quantity": 1,
    "orderable_quantities": [],
    "badge_texts": [
      "V trgovini od 10.07. do 16.07."
    ],
    "badge_types": [
      "IN_STORE_FROM_FUTURE_DATE_RANGE"
    ],
    "main_image": "https://imgproxy-retcat.assets.schwarz/YI9CNKXqTkS5P1ICYpbg10yOWP9IPoe_SRnjUr-Mgos/sm:1/w:427/h:320/cz/M6Ly9wcm9kLWNhd/GFsb2ctbWVkaWEvc2kvMS9DNkFDQTIyMzkzODRDMjMxNjU4QzAxQUE/xREIzMUJEMkIyOEExQUQ2QUNGMTYxRDk3NkEyREM2RjNDOEFBMUU0LmpwZw.jpg",
    "image_list": [
      "https://imgproxy-retcat.assets.schwarz/YI9CNKXqTkS5P1ICYpbg10yOWP9IPoe_SRnjUr-Mgos/sm:1/w:427/h:320/cz/M6Ly9wcm9kLWNhd/GFsb2ctbWVkaWEvc2kvMS9DNkFDQTIyMzkzODRDMjMxNjU4QzAxQUE/xREIzMUJEMkIyOEExQUQ2QUNGMTYxRDk3NkEyREM2RjNDOEFBMUU0LmpwZw.jpg"
    ],
    "image_accessibility": "Okrogel hleb kruha v pletenem košarici, pokrit z belim prtom.",
    "detailed_images": [
      {
        "url": "https://imgproxy-retcat.assets.schwarz/YI9CNKXqTkS5P1ICYpbg10yOWP9IPoe_SRnjUr-Mgos/sm:1/w:427/h:320/cz/M6Ly9wcm9kLWNhd/GFsb2ctbWVkaWEvc2kvMS9DNkFDQTIyMzkzODRDMjMxNjU4QzAxQUE/xREIzMUJEMkIyOEExQUQ2QUNGMTYxRDk3NkEyREM2RjNDOEFBMUU0LmpwZw.jpg",
        "accessibility": "Okrogel hleb kruha v pletenem košarici, pokrit z belim prtom."
      }
    ],
    "analytics_category": "Food",
    "more_details": "Dodatne podrobnosti o izdelku",
    "won_category_primary": "Svetovi potreb/Hrana in bližnja hrana/Jajca in osnovna živila (testenine, moka, stročnice itd.)",
    "won_category_primary_path": "0/17/1715",
    "canonical_path": "/p/martinov-kruh/p10082692",
    "canonical_url": "/p/martinov-kruh/p10082692",
    "awards": [],
    "seals": [
      {
        "altText": "Zvezda odlične kakovosti 2021–2025.",
        "image": "https://imgproxy-retcat.assets.schwarz/IC51k1Wib6lnx5pAjIrjRiXneMVLYuWsXBsol9D4_S4/sm:1/w:140/cz/M6Ly9wcm9kLWNhd/GFsb2ctbWVkaWEvc2kvMi8wMzlCRjM2MEQxNjc0MjJEMzQ5Q0JFRUV/DQTQzQkRBMkNCNTA0QjYyODRFMDU5N0Y4MzM4NTFCQTFFNUYxMzk4LnBuZw.png"
      }
    ],
    "ribbons": [],
    "highlighted_seals": 0,
    "lidl_plus": [],
    "regions": [],
    "ians": [
      "4080"
    ],
    "show_brand": false,
    "deal_of_day_active": false,
    "full_title_meta": "Martinov kruh",
    "lists": [
      4991
    ],
    "preview": false,
    "category_breadcrumbs": [
      {
        "id": "10068374",
        "name": "Hrana in pijača",
        "url": "/c/hrana-in-pijaca/s10068374",
        "hidden": false
      },
      {
        "id": "10071045",
        "name": "Jajca in osnovna živila",
        "url": "/h/jajca-in-osnovna-zivila/h10071045",
        "hidden": false
      }
    ],
    "campaigns": [
      {
        "id": "Current_Sales_Week",
        "name": "Ta teden",
        "url": null,
        "hidden": false
      },
      {
        "id": "10075258",
        "name": "Tvoja Lidl cena",
        "url": "/c/tvoja-lidl-cena/a10075258",
        "hidden": false
      }
    ],
    "world_of_needs_code": "1715",
    "world_of_needs_name": "Jajca in osnovna živila (testenine, moka, stročnice itd.)",
    "world_of_needs_parent": "17",
    "is_main_category": true,
    "super_categories": [
      {
        "code": "17",
        "name": "Hrana in bližnja hrana",
        "parent": "0"
      },
      {
        "code": "0",
        "name": "Svetovi potreb",
        "parent": ""
      }
    ],
    "position": 12,
    "tracking_payload": {
      "searchTrackingMasterId": "Product.10082692",
      "searchTrackingTitle": "Martinov+kruh",
      "searchTrackingPageSize": 100,
      "searchTrackingPage": 1,
      "searchTrackingEvent": "click",
      "list": "search",
      "searchTrackingId": "Product.10082692",
      "searchTrackingOrigPos": 1,
      "searchTrackingPos": 12,
      "searchTrackingOrigPageSize": 100,
      "searchTrackingChannel": "SI",
      "category": "Food"
    }
  },
  {
    "code": "10082138",
    "name": "Sojini polpeti",
    "url": "",
    "result_class": "product",
    "type": "product",
    "product_id": 10082138,
    "erp_number": "10082138",
    "item_id": 10082138,
    "full_title": "PODRAVKA Sojini polpeti",
    "title": "Sojini polpeti",
    "category": "Food",
    "product_type": "RETAIL",
    "age_restriction": false,
    "is_used_product": false,
    "multipack": false,
    "online": false,
    "store": true,
    "quick_add_to_cart": false,
    "flash_sales": false,
    "having_videos": false,
    "having_threesixty": false,
    "price": 3.19,
    "old_price": 4.98,
    "currency_code": "EUR",
    "currency_symbol": "€",
    "has_star": true,
    "has_vat": false,
    "price_theme": "white_red",
    "variants_have_different_prices": false,
    "base_price_text": "1 kg = 7.98",
    "base_price_prefix": false,
    "packaging_text": "400 g",
    "discount_deleted_price": 4.98,
    "discount_text": "- 35 %",
    "discount_percentage": 35,
    "discount_has_star": false,
    "show_discount": true,
    "show_percentage": true,
    "from_recommended_price": false,
    "availability_indicator": 0,
    "online_available": false,
    "min_orderable_quantity": 1,
    "orderable_quantities": [],
    "badge_texts": [
      "V trgovini od 03.07."
    ],
    "badge_types": [
      "IN_STORE_FROM_DATE_PAST"
    ],
    "main_image": "https://imgproxy-retcat.assets.schwarz/HFzE0xim7B8IAiQXUMKjDQn5oOV-i-e4I8lLOsnGjIg/sm:1/w:427/h:320/cz/M6Ly9wcm9kLWNhd/GFsb2ctbWVkaWEvc2kvMS9DRUY3NDZCOUJERUU1M0VGNDQ4RjNDRDI/0OUY2NzBFMTAwMzRBNTk0QzQ4RDIwNUI1RjIzMUI4RUZFMzY4ODUwLmpwZw.jpg",
    "image_list": [
      "https://imgproxy-retcat.assets.schwarz/HFzE0xim7B8IAiQXUMKjDQn5oOV-i-e4I8lLOsnGjIg/sm:1/w:427/h:320/cz/M6Ly9wcm9kLWNhd/GFsb2ctbWVkaWEvc2kvMS9DRUY3NDZCOUJERUU1M0VGNDQ4RjNDRDI/0OUY2NzBFMTAwMzRBNTk0QzQ4RDIwNUI1RjIzMUI4RUZFMzY4ODUwLmpwZw.jpg"
    ],
    "image_accessibility": "Zamrznjeni O'Plant sojini polpeti v škatli.",
    "detailed_images": [
      {
        "url": "https://imgproxy-retcat.assets.schwarz/HFzE0xim7B8IAiQXUMKjDQn5oOV-i-e4I8lLOsnGjIg/sm:1/w:427/h:320/cz/M6Ly9wcm9kLWNhd/GFsb2ctbWVkaWEvc2kvMS9DRUY3NDZCOUJERUU1M0VGNDQ4RjNDRDI/0OUY2NzBFMTAwMzRBNTk0QzQ4RDIwNUI1RjIzMUI4RUZFMzY4ODUwLmpwZw.jpg",
        "accessibility": "Zamrznjeni O'Plant sojini polpeti v škatli."
      }
    ],
    "analytics_category": "Food",
    "more_details": "Dodatne podrobnosti o izdelku",
    "won_category_primary": "Svetovi potreb/Hrana in bližnja hrana/Jajca in osnovna živila (testenine, moka, stročnice itd.)",
    "won_category_primary_path": "0/17/1715",
    "canonical_path": "/p/podravka-sojini-polpeti/p10082138",
    "canonical_url": "/p/podravka-sojini-polpeti/p10082138",
    "awards": [],
    "seals": [
      {
        "altText": "Veganski znak V-Label International.",
        "image": "https://imgproxy-retcat.assets.schwarz/ISLamvPk8hk69l-VadCrdVW2krGoAe5YiNwWvgfLhC8/sm:1/w:140/cz/M6Ly9wcm9kLWNhd/GFsb2ctbWVkaWEvc2kvMi9BRDRDNEYxMzQwRDI3OTU2NEY5NzNFN0M/3M0UzQjk3ODM5OEQ5QTAxRTlDREVEOEY4MjRBRjBCNTBCMzI1M0EzLnBuZw.png"
      },
      {
        "altText": "Znak: Zamrznjeno",
        "image": "https://imgproxy-retcat.assets.schwarz/ayWyw20LfIYJzOhoc4KvR8G0z3S3CSGFD0vHUIK3dgY/sm:1/w:140/cz/M6Ly9wcm9kLWNhd/GFsb2ctbWVkaWEvc2kvMi81NkZCNjYzMzA5NkRFMERFNzUzNEI1ODY/xRDQ4Q0MxRTkxQkUzNUMxOTBGNTAyMURGMjJGODEyQzk0ODhCNTYwLnBuZw.png"
      }
    ],
    "ribbons": [],
    "highlighted_seals": 0,
    "lidl_plus": [],
    "regions": [],
    "ians": [
      "7302435"
    ],
    "show_brand": true,
    "deal_of_day_active": false,
    "full_title_meta": "PODRAVKA Sojini polpeti",
    "lists": [
      4986
    ],
    "preview": false,
    "category_breadcrumbs": [
      {
        "id": "10068374",
        "name": "Hrana in pijača",
        "url": "/c/hrana-in-pijaca/s10068374",
        "hidden": false
      },
      {
        "id": "10071045",
        "name": "Jajca in osnovna živila",
        "url": "/h/jajca-in-osnovna-zivila/h10071045",
        "hidden": false
      }
    ],
    "campaigns": [
      {
        "id": "Current_Sales_Week",
        "name": "Ta teden",
        "url": null,
        "hidden": false
      },
      {
        "id": "10074993",
        "name": "Eko ali Bio",
        "url": "/c/eko-ali-bio/a10074993",
        "hidden": false
      }
    ],
    "world_of_needs_code": "1715",
    "world_of_needs_name": "Jajca in osnovna živila (testenine, moka, stročnice itd.)",
    "world_of_needs_parent": "17",
    "is_main_category": true,
    "super_categories": [
      {
        "code": "17",
        "name": "Hrana in bližnja hrana",
        "parent": "0"
      },
      {
        "code": "0",
        "name": "Svetovi potreb",
        "parent": ""
      }
    ],
    "position": 13,
    "tracking_payload": {
      "searchTrackingMasterId": "Product.10082138",
      "searchTrackingTitle": "Sojini+polpeti",
      "searchTrackingPageSize": 100,
      "searchTrackingPage": 1,
      "searchTrackingEvent": "click",
      "list": "search",
      "searchTrackingId": "Product.10082138",
      "searchTrackingOrigPos": 1,
      "searchTrackingPos": 13,
      "searchTrackingOrigPageSize": 100,
      "searchTrackingChannel": "SI",
      "category": "Food"
    }
  },
  {
    "code": "10081992",
    "name": "Kremni namaz",
    "url": "",
    "result_class": "product",
    "type": "product",
    "product_id": 10081992,
    "erp_number": "10081992",
    "item_id": 10081992,
    "full_title": "MISTER CHOC Kremni namaz",
    "title": "Kremni namaz",
    "category": "Food",
    "product_type": "RETAIL",
    "age_restriction": false,
    "is_used_product": false,
    "multipack": false,
    "online": false,
    "store": true,
    "quick_add_to_cart": false,
    "flash_sales": false,
    "having_videos": false,
    "having_threesixty": false,
    "price": 1.99,
    "old_price": 2.99,
    "currency_code": "EUR",
    "currency_symbol": "€",
    "has_star": true,
    "has_vat": false,
    "price_theme": "white_red",
    "variants_have_different_prices": false,
    "base_price_text": "1 kg = 2.65",
    "base_price_prefix": false,
    "packaging_text": "750 g",
    "discount_deleted_price": 2.99,
    "discount_text": "- 33 %",
    "discount_percentage": 33,
    "discount_has_star": false,
    "show_discount": true,
    "show_percentage": true,
    "from_recommended_price": false,
    "availability_indicator": 0,
    "online_available": false,
    "min_orderable_quantity": 1,
    "orderable_quantities": [],
    "badge_texts": [
      "V trgovini od 03.07. do 09.07."
    ],
    "badge_types": [
      "IN_STORE_PAST_DATE_RANGE"
    ],
    "main_image": "https://imgproxy-retcat.assets.schwarz/0F-K2TZPaO5kJ27T4G4Yf6Dj98qm0SVnI7NitiUBiow/sm:1/w:427/h:320/cz/M6Ly9wcm9kLWNhd/GFsb2ctbWVkaWEvc2kvMS84QzU0N0IxRDc5NTc1QTU5RTczNEU4NjY/0RTBBNDQ2MTRCNDgwRjI0NEJDMEE2MEI1RDQ4NTY4RDgxODQ5NjIzLmpwZw.jpg",
    "image_list": [
      "https://imgproxy-retcat.assets.schwarz/0F-K2TZPaO5kJ27T4G4Yf6Dj98qm0SVnI7NitiUBiow/sm:1/w:427/h:320/cz/M6Ly9wcm9kLWNhd/GFsb2ctbWVkaWEvc2kvMS84QzU0N0IxRDc5NTc1QTU5RTczNEU4NjY/0RTBBNDQ2MTRCNDgwRjI0NEJDMEE2MEI1RDQ4NTY4RDgxODQ5NjIzLmpwZw.jpg"
    ],
    "image_accessibility": "Kozarček čokoladnega namaza Cocoa Duo.",
    "detailed_images": [
      {
        "url": "https://imgproxy-retcat.assets.schwarz/0F-K2TZPaO5kJ27T4G4Yf6Dj98qm0SVnI7NitiUBiow/sm:1/w:427/h:320/cz/M6Ly9wcm9kLWNhd/GFsb2ctbWVkaWEvc2kvMS84QzU0N0IxRDc5NTc1QTU5RTczNEU4NjY/0RTBBNDQ2MTRCNDgwRjI0NEJDMEE2MEI1RDQ4NTY4RDgxODQ5NjIzLmpwZw.jpg",
        "accessibility": "Kozarček čokoladnega namaza Cocoa Duo."
      }
    ],
    "analytics_category": "Food",
    "more_details": "Dodatne podrobnosti o izdelku",
    "won_category_primary": "Svetovi potreb/Hrana in bližnja hrana/Prigrizki in slaščice",
    "won_category_primary_path": "0/17/1721",
    "canonical_path": "/p/mister-choc-kremni-namaz/p10081992",
    "canonical_url": "/p/mister-choc-kremni-namaz/p10081992",
    "awards": [],
    "seals": [
      {
        "altText": "Žig Rainforest Alliance: Ljudje & Narava",
        "image": "https://imgproxy-retcat.assets.schwarz/lbMCis-jGZQNzMXk3WVad3uyJkZ4j8S3P-DyZdCd0KE/sm:1/w:140/cz/M6Ly9wcm9kLWNhd/GFsb2ctbWVkaWEvc2kvMi9FNjBFQjg3QzI4NzMzREE2NTY4NzA1OUN/EMUZDNkVCNUEwMkQxODZDNkQ0MUNFMjVDREJCMjdGNThDRDhGNEJBLnBuZw.png"
      }
    ],
    "ribbons": [],
    "highlighted_seals": 0,
    "lidl_plus": [],
    "regions": [],
    "ians": [
      "2254"
    ],
    "show_brand": true,
    "deal_of_day_active": false,
    "full_title_meta": "MISTER CHOC Kremni namaz",
    "lists": [
      4986
    ],
    "preview": false,
    "category_breadcrumbs": [
      {
        "id": "10068374",
        "name": "Hrana in pijača",
        "url": "/c/hrana-in-pijaca/s10068374",
        "hidden": false
      },
      {
        "id": "10071044",
        "name": "Prigrizki in sladkarije",
        "url": "/h/prigrizki-in-sladkarije/h10071044",
        "hidden": false
      }
    ],
    "campaigns": [
      {
        "id": "Current_Sales_Week",
        "name": "Ta teden",
        "url": null,
        "hidden": false
      },
      {
        "id": "10074808",
        "name": "Tvoja Lidl cena",
        "url": "/c/tvoja-lidl-cena/a10074808",
        "hidden": false
      }
    ],
    "world_of_needs_code": "1721",
    "world_of_needs_name": "Prigrizki in slaščice",
    "world_of_needs_parent": "17",
    "is_main_category": true,
    "super_categories": [
      {
        "code": "17",
        "name": "Hrana in bližnja hrana",
        "parent": "0"
      },
      {
        "code": "0",
        "name": "Svetovi potreb",
        "parent": ""
      }
    ],
    "position": 14,
    "tracking_payload": {
      "searchTrackingMasterId": "Product.10081992",
      "searchTrackingTitle": "Kremni+namaz",
      "searchTrackingPageSize": 100,
      "searchTrackingPage": 1,
      "searchTrackingEvent": "click",
      "list": "search",
      "searchTrackingId": "Product.10081992",
      "searchTrackingOrigPos": 1,
      "searchTrackingPos": 14,
      "searchTrackingOrigPageSize": 100,
      "searchTrackingChannel": "SI",
      "category": "Food"
    }
  },
  {
    "code": "10082679",
    "name": "Sladoled z jagodo in krispiji",
    "url": "",
    "result_class": "product",
    "type": "product",
    "product_id": 10082679,
    "erp_number": "10082679",
    "item_id": 10082679,
    "full_title": "GELATELLI Sladoled z jagodo in krispiji",
    "title": "Sladoled z jagodo in krispiji",
    "category": "Food",
    "product_type": "RETAIL",
    "age_restriction": false,
    "is_used_product": false,
    "multipack": false,
    "online": false,
    "store": false,
    "quick_add_to_cart": false,
    "flash_sales": false,
    "having_videos": false,
    "having_threesixty": false,
    "price": 0.59,
    "old_price": 0.79,
    "currency_code": "EUR",
    "currency_symbol": "€",
    "has_star": true,
    "has_vat": false,
    "price_theme": "white_red",
    "variants_have_different_prices": false,
    "base_price_text": "1 l = 4.92",
    "base_price_prefix": false,
    "packaging_text": "120 ml",
    "discount_deleted_price": 0.79,
    "discount_text": "- 25 %",
    "discount_percentage": 25,
    "discount_has_star": false,
    "show_discount": true,
    "show_percentage": true,
    "from_recommended_price": false,
    "availability_indicator": 0,
    "online_available": false,
    "min_orderable_quantity": 1,
    "orderable_quantities": [],
    "badge_texts": [
      "V trgovini od 10.07. do 16.07."
    ],
    "badge_types": [
      "IN_STORE_FROM_FUTURE_DATE_RANGE"
    ],
    "main_image": "https://imgproxy-retcat.assets.schwarz/2pZ1n_ier3_JuULL2ezMUsBEUL0RB8ArAOumZu9p1l0/sm:1/w:427/h:320/cz/M6Ly9wcm9kLWNhd/GFsb2ctbWVkaWEvc2kvMS9ERUUzRThCMkU5RDFFMzI2RUVDNDE2MUZ/FRDQ0NkQ4MzYwMDE1NjNDQ0E5QjQ5QzgzODVFOTYwNDIwQkI2OUVFLmpwZw.jpg",
    "image_list": [
      "https://imgproxy-retcat.assets.schwarz/2pZ1n_ier3_JuULL2ezMUsBEUL0RB8ArAOumZu9p1l0/sm:1/w:427/h:320/cz/M6Ly9wcm9kLWNhd/GFsb2ctbWVkaWEvc2kvMS9ERUUzRThCMkU5RDFFMzI2RUVDNDE2MUZ/FRDQ0NkQ4MzYwMDE1NjNDQ0E5QjQ5QzgzODVFOTYwNDIwQkI2OUVFLmpwZw.jpg"
    ],
    "image_accessibility": "Olivina sladoledna palčka z okusom vanilije in čipsa.",
    "detailed_images": [
      {
        "url": "https://imgproxy-retcat.assets.schwarz/2pZ1n_ier3_JuULL2ezMUsBEUL0RB8ArAOumZu9p1l0/sm:1/w:427/h:320/cz/M6Ly9wcm9kLWNhd/GFsb2ctbWVkaWEvc2kvMS9ERUUzRThCMkU5RDFFMzI2RUVDNDE2MUZ/FRDQ0NkQ4MzYwMDE1NjNDQ0E5QjQ5QzgzODVFOTYwNDIwQkI2OUVFLmpwZw.jpg",
        "accessibility": "Olivina sladoledna palčka z okusom vanilije in čipsa."
      }
    ],
    "analytics_category": "Food",
    "more_details": "Dodatne podrobnosti o izdelku",
    "won_category_primary": "Svetovi potreb/Hrana in bližnja hrana/Zamrznjena hrana (Zamrznjena hrana)",
    "won_category_primary_path": "0/17/1716",
    "canonical_path": "/p/gelatelli-sladoled-z-jagodo-in-krispiji/p10082679",
    "canonical_url": "/p/gelatelli-sladoled-z-jagodo-in-krispiji/p10082679",
    "awards": [],
    "seals": [],
    "ribbons": [],
    "highlighted_seals": 0,
    "lidl_plus": [],
    "regions": [],
    "ians": [
      "34634"
    ],
    "show_brand": true,
    "deal_of_day_active": false,
    "full_title_meta": "GELATELLI Sladoled z jagodo in krispiji",
    "lists": [
      4991
    ],
    "preview": false,
    "category_breadcrumbs": [
      {
        "id": "10068374",
        "name": "Hrana in pijača",
        "url": "/c/hrana-in-pijaca/s10068374",
        "hidden": false
      },
      {
        "id": "10071049",
        "name": "Zamrznjena hrana",
        "url": "/h/zamrznjena-hrana/h10071049",
        "hidden": false
      }
    ],
    "campaigns": [
      {
        "id": "Current_Sales_Week",
        "name": "Ta teden",
        "url": null,
        "hidden": false
      },
      {
        "id": "10072826",
        "name": "Tvoja osvežitev se začne v Lidlu.",
        "url": "/c/tvoja-osvezitev-se-zacne-v-lidlu/a10072826",
        "hidden": false
      }
    ],
    "world_of_needs_code": "1716",
    "world_of_needs_name": "Zamrznjena hrana (Zamrznjena hrana)",
    "world_of_needs_parent": "17",
    "is_main_category": true,
    "super_categories": [
      {
        "code": "17",
        "name": "Hrana in bližnja hrana",
        "parent": "0"
      },
      {
        "code": "0",
        "name": "Svetovi potreb",
        "parent": ""
      }
    ],
    "position": 15,
    "tracking_payload": {
      "searchTrackingMasterId": "Product.10082679",
      "searchTrackingTitle": "Sladoled+z+jagodo+in+krispiji",
      "searchTrackingPageSize": 100,
      "searchTrackingPage": 1,
      "searchTrackingEvent": "click",
      "list": "search",
      "searchTrackingId": "Product.10082679",
      "searchTrackingOrigPos": 1,
      "searchTrackingPos": 15,
      "searchTrackingOrigPageSize": 100,
      "searchTrackingChannel": "SI",
      "category": "Food"
    }
  },
  {
    "code": "10082693",
    "name": "Ciabatta",
    "url": "",
    "result_class": "product",
    "type": "product",
    "product_id": 10082693,
    "erp_number": "10082693",
    "item_id": 10082693,
    "full_title": "Ciabatta",
    "title": "Ciabatta",
    "category": "Food",
    "product_type": "RETAIL",
    "age_restriction": false,
    "is_used_product": false,
    "multipack": false,
    "online": false,
    "store": false,
    "quick_add_to_cart": false,
    "flash_sales": false,
    "having_videos": false,
    "having_threesixty": false,
    "price": 0.89,
    "old_price": 1.19,
    "currency_code": "EUR",
    "currency_symbol": "€",
    "has_star": true,
    "has_vat": false,
    "price_theme": "white_red",
    "variants_have_different_prices": false,
    "base_price_text": "1 kg = 2.97",
    "base_price_prefix": false,
    "packaging_text": "300 g",
    "discount_deleted_price": 1.19,
    "discount_text": "- 25 %",
    "discount_percentage": 25,
    "discount_has_star": false,
    "show_discount": true,
    "show_percentage": true,
    "from_recommended_price": false,
    "availability_indicator": 0,
    "online_available": false,
    "min_orderable_quantity": 1,
    "orderable_quantities": [],
    "badge_texts": [
      "V trgovini od 10.07. do 16.07."
    ],
    "badge_types": [
      "IN_STORE_FROM_FUTURE_DATE_RANGE"
    ],
    "main_image": "https://imgproxy-retcat.assets.schwarz/x1SphQm6Cw-1MDPXoW1EfeVc7u6QsKMYtw_IgPgvTJI/sm:1/w:427/h:320/cz/M6Ly9wcm9kLWNhd/GFsb2ctbWVkaWEvc2kvMS9BMDA5QUY0MDBBMDUyRTFFNjYyMDI1ODg/4OEFFRTQzNEEyNjMzMjdFQUMyQzE2RkEwRDhDMjREMDJFMjNGMDY4LmpwZw.jpg",
    "image_list": [
      "https://imgproxy-retcat.assets.schwarz/x1SphQm6Cw-1MDPXoW1EfeVc7u6QsKMYtw_IgPgvTJI/sm:1/w:427/h:320/cz/M6Ly9wcm9kLWNhd/GFsb2ctbWVkaWEvc2kvMS9BMDA5QUY0MDBBMDUyRTFFNjYyMDI1ODg/4OEFFRTQzNEEyNjMzMjdFQUMyQzE2RkEwRDhDMjREMDJFMjNGMDY4LmpwZw.jpg"
    ],
    "image_accessibility": "Hlebec kruha v košarici s tremi rezinami.",
    "detailed_images": [
      {
        "url": "https://imgproxy-retcat.assets.schwarz/x1SphQm6Cw-1MDPXoW1EfeVc7u6QsKMYtw_IgPgvTJI/sm:1/w:427/h:320/cz/M6Ly9wcm9kLWNhd/GFsb2ctbWVkaWEvc2kvMS9BMDA5QUY0MDBBMDUyRTFFNjYyMDI1ODg/4OEFFRTQzNEEyNjMzMjdFQUMyQzE2RkEwRDhDMjREMDJFMjNGMDY4LmpwZw.jpg",
        "accessibility": "Hlebec kruha v košarici s tremi rezinami."
      }
    ],
    "analytics_category": "Food",
    "more_details": "Dodatne podrobnosti o izdelku",
    "won_category_primary": "Svetovi potreb/Hrana in bližnja hrana/Kruh in pekovsko pecivo",
    "won_category_primary_path": "0/17/1713",
    "canonical_path": "/p/ciabatta/p10082693",
    "canonical_url": "/p/ciabatta/p10082693",
    "awards": [],
    "seals": [],
    "ribbons": [],
    "highlighted_seals": 0,
    "lidl_plus": [],
    "regions": [],
    "ians": [
      "118251"
    ],
    "show_brand": false,
    "deal_of_day_active": false,
    "full_title_meta": "Ciabatta",
    "lists": [
      4991
    ],
    "preview": false,
    "category_breadcrumbs": [
      {
        "id": "10068374",
        "name": "Hrana in pijača",
        "url": "/c/hrana-in-pijaca/s10068374",
        "hidden": false
      },
      {
        "id": "10071015",
        "name": "Kruh in pekovski izdelki",
        "url": "/h/kruh-in-pekovski-izdelki/h10071015",
        "hidden": false
      }
    ],
    "campaigns": [
      {
        "id": "Current_Sales_Week",
        "name": "Ta teden",
        "url": null,
        "hidden": false
      },
      {
        "id": "10075258",
        "name": "Tvoja Lidl cena",
        "url": "/c/tvoja-lidl-cena/a10075258",
        "hidden": false
      }
    ],
    "world_of_needs_code": "1713",
    "world_of_needs_name": "Kruh in pekovsko pecivo",
    "world_of_needs_parent": "17",
    "is_main_category": true,
    "super_categories": [
      {
        "code": "17",
        "name": "Hrana in bližnja hrana",
        "parent": "0"
      },
      {
        "code": "0",
        "name": "Svetovi potreb",
        "parent": ""
      }
    ],
    "position": 16,
    "tracking_payload": {
      "searchTrackingMasterId": "Product.10082693",
      "searchTrackingTitle": "Ciabatta",
      "searchTrackingPageSize": 100,
      "searchTrackingPage": 1,
      "searchTrackingEvent": "click",
      "list": "search",
      "searchTrackingId": "Product.10082693",
      "searchTrackingOrigPos": 1,
      "searchTrackingPos": 16,
      "searchTrackingOrigPageSize": 100,
      "searchTrackingChannel": "SI",
      "category": "Food"
    }
  },
  {
    "code": "10082243",
    "name": "Zdenka sir",
    "url": "",
    "result_class": "product",
    "type": "product",
    "product_id": 10082243,
    "erp_number": "10082243",
    "item_id": 10082243,
    "full_title": "Zdenka sir",
    "title": "Zdenka sir",
    "category": "Food",
    "product_type": "RETAIL",
    "age_restriction": false,
    "is_used_product": false,
    "multipack": false,
    "online": false,
    "store": true,
    "quick_add_to_cart": false,
    "flash_sales": false,
    "having_videos": false,
    "having_threesixty": false,
    "price": 1.69,
    "old_price": 2.45,
    "currency_code": "EUR",
    "currency_symbol": "€",
    "has_star": true,
    "has_vat": false,
    "price_theme": "white_red",
    "variants_have_different_prices": false,
    "base_price_text": "1 kg = 12.07",
    "base_price_prefix": false,
    "packaging_text": "140 g",
    "discount_deleted_price": 2.45,
    "discount_text": "- 31 %",
    "discount_percentage": 31,
    "discount_has_star": false,
    "show_discount": true,
    "show_percentage": true,
    "from_recommended_price": false,
    "availability_indicator": 0,
    "online_available": false,
    "min_orderable_quantity": 1,
    "orderable_quantities": [],
    "badge_texts": [
      "V trgovini od 07.07. do 09.07."
    ],
    "badge_types": [
      "IN_STORE_TODAY_DATE_RANGE"
    ],
    "main_image": "https://imgproxy-retcat.assets.schwarz/AnVLYb9hPyWc-1WgOylqtvGAseIIgDPWWBi8ZxW82Ls/sm:1/w:427/h:320/cz/M6Ly9wcm9kLWNhd/GFsb2ctbWVkaWEvc2kvMS84N0Y2MTRBRDQ0MDUxRDZCNzk2MjlFMjQ/2ODQyNEM2QTIyMTRENTRCRDgzN0QwQkQ3OTVCNUY5M0Q2QTkxOTc2LmpwZw.jpg",
    "image_list": [
      "https://imgproxy-retcat.assets.schwarz/AnVLYb9hPyWc-1WgOylqtvGAseIIgDPWWBi8ZxW82Ls/sm:1/w:427/h:320/cz/M6Ly9wcm9kLWNhd/GFsb2ctbWVkaWEvc2kvMS84N0Y2MTRBRDQ0MDUxRDZCNzk2MjlFMjQ/2ODQyNEM2QTIyMTRENTRCRDgzN0QwQkQ3OTVCNUY5M0Q2QTkxOTc2LmpwZw.jpg",
      "https://imgproxy-retcat.assets.schwarz/tWnh75DOrKzcS5PoeLkI9x9bN5HjYOt1zYog4mnXwQ0/sm:1/w:427/h:320/cz/M6Ly9wcm9kLWNhd/GFsb2ctbWVkaWEvc2kvMS9CNUZENDQzRUJDRDRBODVDQTVEQTdCRTc/yQTU2OEM5NzUzQkMxQzE1MkY2QkZCRTA5N0MwRTlGMjAxNTFFNDU1LmpwZw.jpg",
      "https://imgproxy-retcat.assets.schwarz/Nk7gIj-fqxgq5KAPfTCUvlv6NRy3qn9KQHiFOLLZJ5U/sm:1/w:427/h:320/cz/M6Ly9wcm9kLWNhd/GFsb2ctbWVkaWEvc2kvMS8xQjZDRTQzRjA5QTE3Qzc5QzQxRTNENkY/1QTNGNzQxNEUzNDcwQTQyRjJBNDgyNERGRTkxNUMyODcxNEI5MzBELmpwZw.jpg"
    ],
    "image_accessibility": "Dve škatlici sira Zdenka, klasična in pikantna.",
    "detailed_images": [
      {
        "url": "https://imgproxy-retcat.assets.schwarz/AnVLYb9hPyWc-1WgOylqtvGAseIIgDPWWBi8ZxW82Ls/sm:1/w:427/h:320/cz/M6Ly9wcm9kLWNhd/GFsb2ctbWVkaWEvc2kvMS84N0Y2MTRBRDQ0MDUxRDZCNzk2MjlFMjQ/2ODQyNEM2QTIyMTRENTRCRDgzN0QwQkQ3OTVCNUY5M0Q2QTkxOTc2LmpwZw.jpg",
        "accessibility": "Dve škatlici sira Zdenka, klasična in pikantna."
      },
      {
        "url": "https://imgproxy-retcat.assets.schwarz/tWnh75DOrKzcS5PoeLkI9x9bN5HjYOt1zYog4mnXwQ0/sm:1/w:427/h:320/cz/M6Ly9wcm9kLWNhd/GFsb2ctbWVkaWEvc2kvMS9CNUZENDQzRUJDRDRBODVDQTVEQTdCRTc/yQTU2OEM5NzUzQkMxQzE1MkY2QkZCRTA5N0MwRTlGMjAxNTFFNDU1LmpwZw.jpg",
        "accessibility": "Zdenka Carniola sir v posodici."
      },
      {
        "url": "https://imgproxy-retcat.assets.schwarz/Nk7gIj-fqxgq5KAPfTCUvlv6NRy3qn9KQHiFOLLZJ5U/sm:1/w:427/h:320/cz/M6Ly9wcm9kLWNhd/GFsb2ctbWVkaWEvc2kvMS8xQjZDRTQzRjA5QTE3Qzc5QzQxRTNENkY/1QTNGNzQxNEUzNDcwQTQyRjJBNDgyNERGRTkxNUMyODcxNEI5MzBELmpwZw.jpg",
        "accessibility": "Zdenka Classic sir v okrogli embalaži."
      }
    ],
    "analytics_category": "Food",
    "more_details": "Dodatne podrobnosti o izdelku",
    "won_category_primary": "Svetovi potreb/Hrana in bližnja hrana/Jajca in osnovna živila (testenine, moka, stročnice itd.)",
    "won_category_primary_path": "0/17/1715",
    "canonical_path": "/p/zdenka-sir/p10082243",
    "canonical_url": "/p/zdenka-sir/p10082243",
    "awards": [],
    "seals": [
      {
        "altText": "Nalepka: Hlajeno",
        "image": "https://imgproxy-retcat.assets.schwarz/7x3Iby7aD19hFySDnP2YoXt7E1r0JrvJVj0QO1gUOes/sm:1/w:140/cz/M6Ly9wcm9kLWNhd/GFsb2ctbWVkaWEvc2kvMi8xMzFBN0E2RDlCREZGREQxOEE2OTFDNEZ/FNDE5RTM0QUMxQjY4OEQ0OUY2QTAxMTRDRjQ1RjdCNTNDRjM2NUJBLnBuZw.png"
      }
    ],
    "ribbons": [],
    "highlighted_seals": 0,
    "lidl_plus": [],
    "regions": [],
    "ians": [
      "6900442"
    ],
    "show_brand": false,
    "deal_of_day_active": false,
    "full_title_meta": "Zdenka sir",
    "lists": [
      4986
    ],
    "preview": false,
    "category_breadcrumbs": [
      {
        "id": "10068374",
        "name": "Hrana in pijača",
        "url": "/c/hrana-in-pijaca/s10068374",
        "hidden": false
      },
      {
        "id": "10071045",
        "name": "Jajca in osnovna živila",
        "url": "/h/jajca-in-osnovna-zivila/h10071045",
        "hidden": false
      }
    ],
    "campaigns": [
      {
        "id": "Current_Sales_Week",
        "name": "Ta teden",
        "url": null,
        "hidden": false
      },
      {
        "id": "10074822",
        "name": "Tvoja Lidl cena",
        "url": "/c/tvoja-lidl-cena/a10074822",
        "hidden": false
      }
    ],
    "world_of_needs_code": "1715",
    "world_of_needs_name": "Jajca in osnovna živila (testenine, moka, stročnice itd.)",
    "world_of_needs_parent": "17",
    "is_main_category": true,
    "super_categories": [
      {
        "code": "17",
        "name": "Hrana in bližnja hrana",
        "parent": "0"
      },
      {
        "code": "0",
        "name": "Svetovi potreb",
        "parent": ""
      }
    ],
    "position": 17,
    "tracking_payload": {
      "searchTrackingMasterId": "Product.10082243",
      "searchTrackingTitle": "Zdenka+sir",
      "searchTrackingPageSize": 100,
      "searchTrackingPage": 1,
      "searchTrackingEvent": "click",
      "list": "search",
      "searchTrackingId": "Product.10082243",
      "searchTrackingOrigPos": 1,
      "searchTrackingPos": 17,
      "searchTrackingOrigPageSize": 100,
      "searchTrackingChannel": "SI",
      "category": "Food"
    }
  },
  {
    "code": "10082002",
    "name": "Ocvrta čebula",
    "url": "",
    "result_class": "product",
    "type": "product",
    "product_id": 10082002,
    "erp_number": "10082002",
    "item_id": 10082002,
    "full_title": "KANIA Ocvrta čebula",
    "title": "Ocvrta čebula",
    "category": "Food",
    "product_type": "RETAIL",
    "age_restriction": false,
    "is_used_product": false,
    "multipack": false,
    "online": false,
    "store": true,
    "quick_add_to_cart": false,
    "flash_sales": false,
    "having_videos": false,
    "having_threesixty": false,
    "price": 0.99,
    "old_price": 1.45,
    "currency_code": "EUR",
    "currency_symbol": "€",
    "has_star": true,
    "has_vat": false,
    "price_theme": "white_red",
    "variants_have_different_prices": false,
    "base_price_text": "1 kg = 6.60",
    "base_price_prefix": false,
    "packaging_text": "150 g",
    "discount_deleted_price": 1.45,
    "discount_text": "- 31 %",
    "discount_percentage": 31,
    "discount_has_star": false,
    "show_discount": true,
    "show_percentage": true,
    "from_recommended_price": false,
    "availability_indicator": 0,
    "online_available": false,
    "min_orderable_quantity": 1,
    "orderable_quantities": [],
    "badge_texts": [
      "V trgovini od 03.07. do 09.07."
    ],
    "badge_types": [
      "IN_STORE_PAST_DATE_RANGE"
    ],
    "main_image": "https://imgproxy-retcat.assets.schwarz/p1qaN3r52jhVJsz7gO9pHBt_wPGh4lMfuXbJl5fOz0g/sm:1/w:427/h:320/cz/M6Ly9wcm9kLWNhd/GFsb2ctbWVkaWEvc2kvMS9DMzlFNUJBRjZFMkRGNjA2NkMwRTdGNjY/3MDdFRDVEQjY5ODFDMDkxRkVCMzM1MDdFMzZCM0QzQzIyNDczRUU0LmpwZw.jpg",
    "image_list": [
      "https://imgproxy-retcat.assets.schwarz/p1qaN3r52jhVJsz7gO9pHBt_wPGh4lMfuXbJl5fOz0g/sm:1/w:427/h:320/cz/M6Ly9wcm9kLWNhd/GFsb2ctbWVkaWEvc2kvMS9DMzlFNUJBRjZFMkRGNjA2NkMwRTdGNjY/3MDdFRDVEQjY5ODFDMDkxRkVCMzM1MDdFMzZCM0QzQzIyNDczRUU0LmpwZw.jpg"
    ],
    "image_accessibility": "Vrečka Knorrjevih hrustljavih ocvrtih čebulic.",
    "detailed_images": [
      {
        "url": "https://imgproxy-retcat.assets.schwarz/p1qaN3r52jhVJsz7gO9pHBt_wPGh4lMfuXbJl5fOz0g/sm:1/w:427/h:320/cz/M6Ly9wcm9kLWNhd/GFsb2ctbWVkaWEvc2kvMS9DMzlFNUJBRjZFMkRGNjA2NkMwRTdGNjY/3MDdFRDVEQjY5ODFDMDkxRkVCMzM1MDdFMzZCM0QzQzIyNDczRUU0LmpwZw.jpg",
        "accessibility": "Vrečka Knorrjevih hrustljavih ocvrtih čebulic."
      }
    ],
    "analytics_category": "Food",
    "more_details": "Dodatne podrobnosti o izdelku",
    "won_category_primary": "Svetovi potreb/Hrana in bližnja hrana/Prigrizki in slaščice",
    "won_category_primary_path": "0/17/1721",
    "canonical_path": "/p/kania-ocvrta-cebula/p10082002",
    "canonical_url": "/p/kania-ocvrta-cebula/p10082002",
    "awards": [],
    "seals": [],
    "ribbons": [],
    "highlighted_seals": 0,
    "lidl_plus": [],
    "regions": [],
    "ians": [
      "12893"
    ],
    "show_brand": true,
    "deal_of_day_active": false,
    "full_title_meta": "KANIA Ocvrta čebula",
    "lists": [
      4986
    ],
    "preview": false,
    "category_breadcrumbs": [
      {
        "id": "10068374",
        "name": "Hrana in pijača",
        "url": "/c/hrana-in-pijaca/s10068374",
        "hidden": false
      },
      {
        "id": "10071044",
        "name": "Prigrizki in sladkarije",
        "url": "/h/prigrizki-in-sladkarije/h10071044",
        "hidden": false
      }
    ],
    "campaigns": [
      {
        "id": "Current_Sales_Week",
        "name": "Ta teden",
        "url": null,
        "hidden": false
      },
      {
        "id": "10074808",
        "name": "Tvoja Lidl cena",
        "url": "/c/tvoja-lidl-cena/a10074808",
        "hidden": false
      }
    ],
    "world_of_needs_code": "1721",
    "world_of_needs_name": "Prigrizki in slaščice",
    "world_of_needs_parent": "17",
    "is_main_category": true,
    "super_categories": [
      {
        "code": "17",
        "name": "Hrana in bližnja hrana",
        "parent": "0"
      },
      {
        "code": "0",
        "name": "Svetovi potreb",
        "parent": ""
      }
    ],
    "position": 18,
    "tracking_payload": {
      "searchTrackingMasterId": "Product.10082002",
      "searchTrackingTitle": "Ocvrta+%C4%8Debula",
      "searchTrackingPageSize": 100,
      "searchTrackingPage": 1,
      "searchTrackingEvent": "click",
      "list": "search",
      "searchTrackingId": "Product.10082002",
      "searchTrackingOrigPos": 1,
      "searchTrackingPos": 18,
      "searchTrackingOrigPageSize": 100,
      "searchTrackingChannel": "SI",
      "category": "Food"
    }
  },
  {
    "code": "10082072",
    "name": "Vino „Zinfadel Rosé“",
    "url": "",
    "result_class": "product",
    "type": "product",
    "product_id": 10082072,
    "erp_number": "10082072",
    "item_id": 10082072,
    "full_title": "CIMAROSA Vino „Zinfadel Rosé“",
    "title": "Vino „Zinfadel Rosé“",
    "category": "Food",
    "product_type": "RETAIL",
    "age_restriction": false,
    "is_used_product": false,
    "multipack": false,
    "online": false,
    "store": true,
    "quick_add_to_cart": false,
    "flash_sales": false,
    "having_videos": false,
    "having_threesixty": false,
    "price": 2.39,
    "old_price": 3.49,
    "currency_code": "EUR",
    "currency_symbol": "€",
    "has_star": true,
    "has_vat": false,
    "price_theme": "white_red",
    "variants_have_different_prices": false,
    "base_price_text": "1 l = 3.19",
    "base_price_prefix": false,
    "packaging_text": "0,75 l",
    "discount_deleted_price": 3.49,
    "discount_text": "- 31 %",
    "discount_percentage": 31,
    "discount_has_star": false,
    "show_discount": true,
    "show_percentage": true,
    "from_recommended_price": false,
    "availability_indicator": 0,
    "online_available": false,
    "min_orderable_quantity": 1,
    "orderable_quantities": [],
    "badge_texts": [
      "V trgovini od 03.07. do 09.07."
    ],
    "badge_types": [
      "IN_STORE_PAST_DATE_RANGE"
    ],
    "main_image": "https://imgproxy-retcat.assets.schwarz/FGOXLGAlWhs0i8PhP6I8qZ3sv2dIKLhV9aAoJ0JqQ38/sm:1/w:427/h:320/cz/M6Ly9wcm9kLWNhd/GFsb2ctbWVkaWEvc2kvMS9BN0NEMzg0ODNFRkIwMkYyMjg2NzY2OUN/CREE4QUQ2MTRDQjU5QUMxMDcyNDQyRDZEMDZBMEIxQThBQUUzMjlELmpwZw.jpg",
    "image_list": [
      "https://imgproxy-retcat.assets.schwarz/FGOXLGAlWhs0i8PhP6I8qZ3sv2dIKLhV9aAoJ0JqQ38/sm:1/w:427/h:320/cz/M6Ly9wcm9kLWNhd/GFsb2ctbWVkaWEvc2kvMS9BN0NEMzg0ODNFRkIwMkYyMjg2NzY2OUN/CREE4QUQ2MTRDQjU5QUMxMDcyNDQyRDZEMDZBMEIxQThBQUUzMjlELmpwZw.jpg"
    ],
    "image_accessibility": "Steklenica rosé vina Whispering Angel.",
    "detailed_images": [
      {
        "url": "https://imgproxy-retcat.assets.schwarz/FGOXLGAlWhs0i8PhP6I8qZ3sv2dIKLhV9aAoJ0JqQ38/sm:1/w:427/h:320/cz/M6Ly9wcm9kLWNhd/GFsb2ctbWVkaWEvc2kvMS9BN0NEMzg0ODNFRkIwMkYyMjg2NzY2OUN/CREE4QUQ2MTRDQjU5QUMxMDcyNDQyRDZEMDZBMEIxQThBQUUzMjlELmpwZw.jpg",
        "accessibility": "Steklenica rosé vina Whispering Angel."
      }
    ],
    "analytics_category": "Food",
    "more_details": "Dodatne podrobnosti o izdelku",
    "won_category_primary": "Svetovi potreb/Vino in žgane pijače/Vino/Rožnato vino",
    "won_category_primary_path": "0/10/1010/101012",
    "canonical_path": "/p/cimarosa-vino-zinfadel-rose/p10082072",
    "canonical_url": "/p/cimarosa-vino-zinfadel-rose/p10082072",
    "awards": [],
    "seals": [
      {
        "altText": "Mira priporoča",
        "image": "https://imgproxy-retcat.assets.schwarz/PepTBq6P1V9c1akPcoXtC1e07F3gfBS8cu4XGX3WleQ/sm:1/w:140/cz/M6Ly9wcm9kLWNhd/GFsb2ctbWVkaWEvc2kvMi82RUQyMTM4MkExMUY3RjZBRDM2NDEzQzA/wQTRBNzExMDU0RTgyMkU4RTgwRTMyNzg0RjVFREQwMzIwRjIxMkNFLnBuZw.png"
      }
    ],
    "ribbons": [],
    "highlighted_seals": 0,
    "lidl_plus": [],
    "regions": [],
    "ians": [
      "34522"
    ],
    "show_brand": true,
    "deal_of_day_active": false,
    "full_title_meta": "CIMAROSA Vino „Zinfadel Rosé“",
    "lists": [
      4986
    ],
    "preview": false,
    "category_breadcrumbs": [
      {
        "id": "10068374",
        "name": "Hrana in pijača",
        "url": "/c/hrana-in-pijaca/s10068374",
        "hidden": false
      },
      {
        "id": "10071687",
        "name": "Vina in žgane pijače",
        "url": "/h/vina-in-zgane-pijace/h10071687",
        "hidden": false
      }
    ],
    "campaigns": [
      {
        "id": "Current_Sales_Week",
        "name": "Ta teden",
        "url": null,
        "hidden": false
      },
      {
        "id": "10074808",
        "name": "Tvoja Lidl cena",
        "url": "/c/tvoja-lidl-cena/a10074808",
        "hidden": false
      }
    ],
    "world_of_needs_code": "101012",
    "world_of_needs_name": "Rožnato vino",
    "world_of_needs_parent": "1010",
    "is_main_category": true,
    "super_categories": [
      {
        "code": "1010",
        "name": "Vino",
        "parent": "10"
      },
      {
        "code": "10",
        "name": "Vino in žgane pijače",
        "parent": "0"
      },
      {
        "code": "0",
        "name": "Svetovi potreb",
        "parent": ""
      }
    ],
    "position": 19,
    "tracking_payload": {
      "searchTrackingMasterId": "Product.10082072",
      "searchTrackingTitle": "Vino+%E2%80%9EZinfadel+Ros%C3%A9%E2%80%9C",
      "searchTrackingPageSize": 100,
      "searchTrackingPage": 1,
      "searchTrackingEvent": "click",
      "list": "search",
      "searchTrackingId": "Product.10082072",
      "searchTrackingOrigPos": 1,
      "searchTrackingPos": 19,
      "searchTrackingOrigPageSize": 100,
      "searchTrackingChannel": "SI",
      "category": "Food"
    }
  },
  {
    "code": "10082142",
    "name": "Veganski kokosov desert",
    "url": "",
    "result_class": "product",
    "type": "product",
    "product_id": 10082142,
    "erp_number": "10082142",
    "item_id": 10082142,
    "full_title": "VEMONDO Veganski kokosov desert",
    "title": "Veganski kokosov desert",
    "category": "Food",
    "product_type": "RETAIL",
    "age_restriction": false,
    "is_used_product": false,
    "multipack": false,
    "online": false,
    "store": true,
    "quick_add_to_cart": false,
    "flash_sales": false,
    "having_videos": false,
    "having_threesixty": false,
    "price": 0.69,
    "old_price": 0.99,
    "currency_code": "EUR",
    "currency_symbol": "€",
    "has_star": true,
    "has_vat": false,
    "price_theme": "white_red",
    "variants_have_different_prices": false,
    "base_price_text": "1 kg = 4.60",
    "base_price_prefix": false,
    "packaging_text": "150 g",
    "discount_deleted_price": 0.99,
    "discount_text": "- 30 %",
    "discount_percentage": 30,
    "discount_has_star": false,
    "show_discount": true,
    "show_percentage": true,
    "from_recommended_price": false,
    "availability_indicator": 0,
    "online_available": false,
    "min_orderable_quantity": 1,
    "orderable_quantities": [],
    "badge_texts": [
      "V trgovini od 03.07."
    ],
    "badge_types": [
      "IN_STORE_FROM_DATE_PAST"
    ],
    "main_image": "https://imgproxy-retcat.assets.schwarz/WqFFeGpcILaiL6A2kaXBs723VqzSH78XWy0-e0BHaVQ/sm:1/w:427/h:320/cz/M6Ly9wcm9kLWNhd/GFsb2ctbWVkaWEvc2kvMS9DM0QwQkQ2RDBBQjZDQzg0ODJCNUVFQzI/3RkE5QkMyMEFCQzYxNTc3RERGRkQzOEY1RTBGNDI1NjM0NTI3NUI3LmpwZw.jpg",
    "image_list": [
      "https://imgproxy-retcat.assets.schwarz/WqFFeGpcILaiL6A2kaXBs723VqzSH78XWy0-e0BHaVQ/sm:1/w:427/h:320/cz/M6Ly9wcm9kLWNhd/GFsb2ctbWVkaWEvc2kvMS9DM0QwQkQ2RDBBQjZDQzg0ODJCNUVFQzI/3RkE5QkMyMEFCQzYxNTc3RERGRkQzOEY1RTBGNDI1NjM0NTI3NUI3LmpwZw.jpg",
      "https://imgproxy-retcat.assets.schwarz/MzGXc4u4kg29lp8u6OA2FbLYL6sYuj2uK4Jx6gq9-Eo/sm:1/w:427/h:320/cz/M6Ly9wcm9kLWNhd/GFsb2ctbWVkaWEvc2kvMS9FNjVBNkJEMTBDQ0MxNzZCREJCQUVDQzQ/xRkI4QUE5QTAxQjRDNjM5NzczNUYxMDE4QkNDQjg4MEE5OTIzQ0JFLmpwZw.jpg",
      "https://imgproxy-retcat.assets.schwarz/hm7re3x4FB507XKboppzzI0WBJXDr2Od4qVM0wqDL8c/sm:1/w:427/h:320/cz/M6Ly9wcm9kLWNhd/GFsb2ctbWVkaWEvc2kvMS9CMDM1NTg4MDREQTBFRTIyN0Y2NDBFRjg/wQkQ4MTNBQjc0NzI5RDUzM0QxRkE4MTJCRjZENEM5NTdCMUE4RDNFLmpwZw.jpg"
    ],
    "image_accessibility": "Trije lončki kokosovega jogurta z različnimi okusi: jagoda, borovnica in mešanica.",
    "detailed_images": [
      {
        "url": "https://imgproxy-retcat.assets.schwarz/WqFFeGpcILaiL6A2kaXBs723VqzSH78XWy0-e0BHaVQ/sm:1/w:427/h:320/cz/M6Ly9wcm9kLWNhd/GFsb2ctbWVkaWEvc2kvMS9DM0QwQkQ2RDBBQjZDQzg0ODJCNUVFQzI/3RkE5QkMyMEFCQzYxNTc3RERGRkQzOEY1RTBGNDI1NjM0NTI3NUI3LmpwZw.jpg",
        "accessibility": "Trije lončki kokosovega jogurta z različnimi okusi: jagoda, borovnica in mešanica."
      },
      {
        "url": "https://imgproxy-retcat.assets.schwarz/MzGXc4u4kg29lp8u6OA2FbLYL6sYuj2uK4Jx6gq9-Eo/sm:1/w:427/h:320/cz/M6Ly9wcm9kLWNhd/GFsb2ctbWVkaWEvc2kvMS9FNjVBNkJEMTBDQ0MxNzZCREJCQUVDQzQ/xRkI4QUE5QTAxQjRDNjM5NzczNUYxMDE4QkNDQjg4MEE5OTIzQ0JFLmpwZw.jpg",
        "accessibility": "Vemondo jogurt z okusom kokosa, breskve in marakuje."
      },
      {
        "url": "https://imgproxy-retcat.assets.schwarz/hm7re3x4FB507XKboppzzI0WBJXDr2Od4qVM0wqDL8c/sm:1/w:427/h:320/cz/M6Ly9wcm9kLWNhd/GFsb2ctbWVkaWEvc2kvMS9CMDM1NTg4MDREQTBFRTIyN0Y2NDBFRjg/wQkQ4MTNBQjc0NzI5RDUzM0QxRkE4MTJCRjZENEM5NTdCMUE4RDNFLmpwZw.jpg",
        "accessibility": "Vlečko jogurt z okusom kokosa in jagode."
      }
    ],
    "analytics_category": "Food",
    "more_details": "Dodatne podrobnosti o izdelku",
    "won_category_primary": "Svetovi potreb/Hrana in bližnja hrana/Prigrizki in slaščice",
    "won_category_primary_path": "0/17/1721",
    "canonical_path": "/p/vemondo-veganski-kokosov-desert/p10082142",
    "canonical_url": "/p/vemondo-veganski-kokosov-desert/p10082142",
    "awards": [],
    "seals": [
      {
        "altText": "Veganski znak V-Label International.",
        "image": "https://imgproxy-retcat.assets.schwarz/ISLamvPk8hk69l-VadCrdVW2krGoAe5YiNwWvgfLhC8/sm:1/w:140/cz/M6Ly9wcm9kLWNhd/GFsb2ctbWVkaWEvc2kvMi9BRDRDNEYxMzQwRDI3OTU2NEY5NzNFN0M/3M0UzQjk3ODM5OEQ5QTAxRTlDREVEOEY4MjRBRjBCNTBCMzI1M0EzLnBuZw.png"
      },
      {
        "altText": "Nalepka: Hlajeno",
        "image": "https://imgproxy-retcat.assets.schwarz/7x3Iby7aD19hFySDnP2YoXt7E1r0JrvJVj0QO1gUOes/sm:1/w:140/cz/M6Ly9wcm9kLWNhd/GFsb2ctbWVkaWEvc2kvMi8xMzFBN0E2RDlCREZGREQxOEE2OTFDNEZ/FNDE5RTM0QUMxQjY4OEQ0OUY2QTAxMTRDRjQ1RjdCNTNDRjM2NUJBLnBuZw.png"
      }
    ],
    "ribbons": [],
    "highlighted_seals": 0,
    "lidl_plus": [],
    "regions": [],
    "ians": [
      "5526614"
    ],
    "show_brand": true,
    "deal_of_day_active": false,
    "full_title_meta": "VEMONDO Veganski kokosov desert",
    "lists": [
      4986
    ],
    "preview": false,
    "category_breadcrumbs": [
      {
        "id": "10068374",
        "name": "Hrana in pijača",
        "url": "/c/hrana-in-pijaca/s10068374",
        "hidden": false
      },
      {
        "id": "10071044",
        "name": "Prigrizki in sladkarije",
        "url": "/h/prigrizki-in-sladkarije/h10071044",
        "hidden": false
      }
    ],
    "campaigns": [
      {
        "id": "Current_Sales_Week",
        "name": "Ta teden",
        "url": null,
        "hidden": false
      },
      {
        "id": "10074993",
        "name": "Eko ali Bio",
        "url": "/c/eko-ali-bio/a10074993",
        "hidden": false
      }
    ],
    "world_of_needs_code": "1721",
    "world_of_needs_name": "Prigrizki in slaščice",
    "world_of_needs_parent": "17",
    "is_main_category": true,
    "super_categories": [
      {
        "code": "17",
        "name": "Hrana in bližnja hrana",
        "parent": "0"
      },
      {
        "code": "0",
        "name": "Svetovi potreb",
        "parent": ""
      }
    ],
    "position": 20,
    "tracking_payload": {
      "searchTrackingMasterId": "Product.10082142",
      "searchTrackingTitle": "Veganski+kokosov+desert",
      "searchTrackingPageSize": 100,
      "searchTrackingPage": 1,
      "searchTrackingEvent": "click",
      "list": "search",
      "searchTrackingId": "Product.10082142",
      "searchTrackingOrigPos": 1,
      "searchTrackingPos": 20,
      "searchTrackingOrigPageSize": 100,
      "searchTrackingChannel": "SI",
      "category": "Food"
    }
  },
  {
    "code": "10082062",
    "name": "Sadni gumi bonboni",
    "url": "",
    "result_class": "product",
    "type": "product",
    "product_id": 10082062,
    "erp_number": "10082062",
    "item_id": 10082062,
    "full_title": "SWEET CORNER Sadni gumi bonboni",
    "title": "Sadni gumi bonboni",
    "category": "Food",
    "product_type": "RETAIL",
    "age_restriction": false,
    "is_used_product": false,
    "multipack": false,
    "online": false,
    "store": true,
    "quick_add_to_cart": false,
    "flash_sales": false,
    "having_videos": false,
    "having_threesixty": false,
    "price": 1.79,
    "old_price": 2.58,
    "currency_code": "EUR",
    "currency_symbol": "€",
    "has_star": true,
    "has_vat": false,
    "price_theme": "white_red",
    "variants_have_different_prices": false,
    "base_price_text": "1 kg = 2.98",
    "base_price_prefix": false,
    "packaging_text": "300 g",
    "discount_deleted_price": 2.58,
    "discount_text": "- 30 %/2 za 1.79**",
    "discount_percentage": 30,
    "discount_has_star": false,
    "show_discount": true,
    "show_percentage": true,
    "from_recommended_price": false,
    "availability_indicator": 0,
    "online_available": false,
    "min_orderable_quantity": 1,
    "orderable_quantities": [],
    "badge_texts": [
      "V trgovini od 03.07. do 09.07."
    ],
    "badge_types": [
      "IN_STORE_PAST_DATE_RANGE"
    ],
    "main_image": "https://imgproxy-retcat.assets.schwarz/uliFDjC9OP7VcvEkhd-qVQ1ATFTIGXAzFfQ35Am3yI8/sm:1/w:427/h:320/cz/M6Ly9wcm9kLWNhd/GFsb2ctbWVkaWEvc2kvMS84QURCMzJFMUY2ODNBMDY2NUE5RkNENUI/4OTc4ODhDNzdDN0REQjZCMzcwQjU3REY2OEQwMzAyREFFOUQ2RjM2LmpwZw.jpg",
    "image_list": [
      "https://imgproxy-retcat.assets.schwarz/uliFDjC9OP7VcvEkhd-qVQ1ATFTIGXAzFfQ35Am3yI8/sm:1/w:427/h:320/cz/M6Ly9wcm9kLWNhd/GFsb2ctbWVkaWEvc2kvMS84QURCMzJFMUY2ODNBMDY2NUE5RkNENUI/4OTc4ODhDNzdDN0REQjZCMzcwQjU3REY2OEQwMzAyREFFOUQ2RjM2LmpwZw.jpg"
    ],
    "image_accessibility": "Dve vrečki sladkarij Crocos.",
    "detailed_images": [
      {
        "url": "https://imgproxy-retcat.assets.schwarz/uliFDjC9OP7VcvEkhd-qVQ1ATFTIGXAzFfQ35Am3yI8/sm:1/w:427/h:320/cz/M6Ly9wcm9kLWNhd/GFsb2ctbWVkaWEvc2kvMS84QURCMzJFMUY2ODNBMDY2NUE5RkNENUI/4OTc4ODhDNzdDN0REQjZCMzcwQjU3REY2OEQwMzAyREFFOUQ2RjM2LmpwZw.jpg",
        "accessibility": "Dve vrečki sladkarij Crocos."
      }
    ],
    "analytics_category": "Food",
    "more_details": "Dodatne podrobnosti o izdelku",
    "won_category_primary": "Svetovi potreb/Hrana in bližnja hrana/Prigrizki in slaščice",
    "won_category_primary_path": "0/17/1721",
    "canonical_path": "/p/sweet-corner-sadni-gumi-bonboni/p10082062",
    "canonical_url": "/p/sweet-corner-sadni-gumi-bonboni/p10082062",
    "awards": [],
    "seals": [],
    "ribbons": [],
    "highlighted_seals": 0,
    "lidl_plus": [],
    "regions": [],
    "ians": [
      "120894"
    ],
    "show_brand": true,
    "deal_of_day_active": false,
    "full_title_meta": "SWEET CORNER Sadni gumi bonboni",
    "lists": [
      4986
    ],
    "preview": false,
    "category_breadcrumbs": [
      {
        "id": "10068374",
        "name": "Hrana in pijača",
        "url": "/c/hrana-in-pijaca/s10068374",
        "hidden": false
      },
      {
        "id": "10071044",
        "name": "Prigrizki in sladkarije",
        "url": "/h/prigrizki-in-sladkarije/h10071044",
        "hidden": false
      }
    ],
    "campaigns": [
      {
        "id": "Current_Sales_Week",
        "name": "Ta teden",
        "url": null,
        "hidden": false
      },
      {
        "id": "10074808",
        "name": "Tvoja Lidl cena",
        "url": "/c/tvoja-lidl-cena/a10074808",
        "hidden": false
      }
    ],
    "world_of_needs_code": "1721",
    "world_of_needs_name": "Prigrizki in slaščice",
    "world_of_needs_parent": "17",
    "is_main_category": true,
    "super_categories": [
      {
        "code": "17",
        "name": "Hrana in bližnja hrana",
        "parent": "0"
      },
      {
        "code": "0",
        "name": "Svetovi potreb",
        "parent": ""
      }
    ],
    "position": 21,
    "tracking_payload": {
      "searchTrackingMasterId": "Product.10082062",
      "searchTrackingTitle": "Sadni+gumi+bonboni",
      "searchTrackingPageSize": 100,
      "searchTrackingPage": 1,
      "searchTrackingEvent": "click",
      "list": "search",
      "searchTrackingId": "Product.10082062",
      "searchTrackingOrigPos": 1,
      "searchTrackingPos": 21,
      "searchTrackingOrigPageSize": 100,
      "searchTrackingChannel": "SI",
      "category": "Food"
    }
  },
  {
    "code": "10082074",
    "name": "Belo suho vino",
    "url": "",
    "result_class": "product",
    "type": "product",
    "product_id": 10082074,
    "erp_number": "10082074",
    "item_id": 10082074,
    "full_title": "Belo suho vino",
    "title": "Belo suho vino",
    "category": "Food",
    "product_type": "RETAIL",
    "age_restriction": false,
    "is_used_product": false,
    "multipack": false,
    "online": false,
    "store": true,
    "quick_add_to_cart": false,
    "flash_sales": false,
    "having_videos": false,
    "having_threesixty": false,
    "price": 4.89,
    "old_price": 6.99,
    "currency_code": "EUR",
    "currency_symbol": "€",
    "has_star": true,
    "has_vat": false,
    "price_theme": "white_red",
    "variants_have_different_prices": false,
    "base_price_text": "1 l = 1.63",
    "base_price_prefix": false,
    "packaging_text": "3 l",
    "discount_deleted_price": 6.99,
    "discount_text": "- 30 %",
    "discount_percentage": 30,
    "discount_has_star": false,
    "show_discount": true,
    "show_percentage": true,
    "from_recommended_price": false,
    "availability_indicator": 0,
    "online_available": false,
    "min_orderable_quantity": 1,
    "orderable_quantities": [],
    "badge_texts": [
      "V trgovini od 03.07. do 09.07."
    ],
    "badge_types": [
      "IN_STORE_PAST_DATE_RANGE"
    ],
    "main_image": "https://imgproxy-retcat.assets.schwarz/2WIIo3XmmXBmIfrqrRxI1__vyFe6mmnY17_MWZpUSWE/sm:1/w:427/h:320/cz/M6Ly9wcm9kLWNhd/GFsb2ctbWVkaWEvc2kvMS83N0U4OUUzN0M4NzFEMThENDE2QUI3QjY/xMzY2NjJCOUVBOEY1MThCMjQzOEZDOTQzNjQwOUNBMDVGNjgzMDI1LmpwZw.jpg",
    "image_list": [
      "https://imgproxy-retcat.assets.schwarz/2WIIo3XmmXBmIfrqrRxI1__vyFe6mmnY17_MWZpUSWE/sm:1/w:427/h:320/cz/M6Ly9wcm9kLWNhd/GFsb2ctbWVkaWEvc2kvMS83N0U4OUUzN0M4NzFEMThENDE2QUI3QjY/xMzY2NjJCOUVBOEY1MThCMjQzOEZDOTQzNjQwOUNBMDVGNjgzMDI1LmpwZw.jpg"
    ],
    "image_accessibility": "Embalaža vina Vino Bianco, suho belo vino.",
    "detailed_images": [
      {
        "url": "https://imgproxy-retcat.assets.schwarz/2WIIo3XmmXBmIfrqrRxI1__vyFe6mmnY17_MWZpUSWE/sm:1/w:427/h:320/cz/M6Ly9wcm9kLWNhd/GFsb2ctbWVkaWEvc2kvMS83N0U4OUUzN0M4NzFEMThENDE2QUI3QjY/xMzY2NjJCOUVBOEY1MThCMjQzOEZDOTQzNjQwOUNBMDVGNjgzMDI1LmpwZw.jpg",
        "accessibility": "Embalaža vina Vino Bianco, suho belo vino."
      }
    ],
    "analytics_category": "Food",
    "more_details": "Dodatne podrobnosti o izdelku",
    "won_category_primary": "Svetovi potreb/Vino in žgane pijače/Vino/Belo vino",
    "won_category_primary_path": "0/10/1010/101010",
    "canonical_path": "/p/belo-suho-vino/p10082074",
    "canonical_url": "/p/belo-suho-vino/p10082074",
    "awards": [],
    "seals": [],
    "ribbons": [],
    "highlighted_seals": 0,
    "lidl_plus": [],
    "regions": [],
    "ians": [
      "121484"
    ],
    "show_brand": false,
    "deal_of_day_active": false,
    "full_title_meta": "Belo suho vino",
    "lists": [
      4986
    ],
    "preview": false,
    "category_breadcrumbs": [
      {
        "id": "10068374",
        "name": "Hrana in pijača",
        "url": "/c/hrana-in-pijaca/s10068374",
        "hidden": false
      },
      {
        "id": "10071687",
        "name": "Vina in žgane pijače",
        "url": "/h/vina-in-zgane-pijace/h10071687",
        "hidden": false
      }
    ],
    "campaigns": [
      {
        "id": "Current_Sales_Week",
        "name": "Ta teden",
        "url": null,
        "hidden": false
      },
      {
        "id": "10074808",
        "name": "Tvoja Lidl cena",
        "url": "/c/tvoja-lidl-cena/a10074808",
        "hidden": false
      }
    ],
    "world_of_needs_code": "101010",
    "world_of_needs_name": "Belo vino",
    "world_of_needs_parent": "1010",
    "is_main_category": true,
    "super_categories": [
      {
        "code": "1010",
        "name": "Vino",
        "parent": "10"
      },
      {
        "code": "10",
        "name": "Vino in žgane pijače",
        "parent": "0"
      },
      {
        "code": "0",
        "name": "Svetovi potreb",
        "parent": ""
      }
    ],
    "position": 22,
    "tracking_payload": {
      "searchTrackingMasterId": "Product.10082074",
      "searchTrackingTitle": "Belo+suho+vino",
      "searchTrackingPageSize": 100,
      "searchTrackingPage": 1,
      "searchTrackingEvent": "click",
      "list": "search",
      "searchTrackingId": "Product.10082074",
      "searchTrackingOrigPos": 1,
      "searchTrackingPos": 22,
      "searchTrackingOrigPageSize": 100,
      "searchTrackingChannel": "SI",
      "category": "Food"
    }
  },
  {
    "code": "10075319",
    "name": "Kornet",
    "url": "",
    "result_class": "product",
    "type": "product",
    "product_id": 10075319,
    "erp_number": "10075319",
    "item_id": 10075319,
    "full_title": "BALLINO Kornet",
    "title": "Kornet",
    "category": "Food",
    "product_type": "RETAIL",
    "age_restriction": false,
    "is_used_product": false,
    "multipack": false,
    "online": false,
    "store": false,
    "quick_add_to_cart": false,
    "flash_sales": false,
    "having_videos": false,
    "having_threesixty": false,
    "price": 0.45,
    "old_price": 0.59,
    "currency_code": "EUR",
    "currency_symbol": "€",
    "has_star": true,
    "has_vat": false,
    "price_theme": "white_red",
    "variants_have_different_prices": false,
    "base_price_text": "1 l = 3.75",
    "base_price_prefix": false,
    "packaging_text": "120 ml",
    "discount_deleted_price": 0.59,
    "discount_text": "- 23 %",
    "discount_percentage": 23,
    "discount_has_star": false,
    "show_discount": true,
    "show_percentage": true,
    "from_recommended_price": false,
    "availability_indicator": 0,
    "online_available": false,
    "min_orderable_quantity": 1,
    "orderable_quantities": [],
    "badge_texts": [
      "V trgovini od 10.07. do 16.07."
    ],
    "badge_types": [
      "IN_STORE_FROM_FUTURE_DATE_RANGE"
    ],
    "main_image": "https://imgproxy-retcat.assets.schwarz/6EzoxvvRWNW9Ulx8l5xAIQTn8o7IZIFKPvrWYZPr59s/sm:1/w:427/h:320/cz/M6Ly9wcm9kLWNhd/GFsb2ctbWVkaWEvc2kvMS8wODFGQkFCRTdFNURCNDJFRkY4NDNBODE/3NjU1NDlBQzE0NzM2NTI0MjFCMzlFRDQ2MEMwOTY4OTgxNEU0REM1LmpwZw.jpg",
    "image_list": [
      "https://imgproxy-retcat.assets.schwarz/6EzoxvvRWNW9Ulx8l5xAIQTn8o7IZIFKPvrWYZPr59s/sm:1/w:427/h:320/cz/M6Ly9wcm9kLWNhd/GFsb2ctbWVkaWEvc2kvMS8wODFGQkFCRTdFNURCNDJFRkY4NDNBODE/3NjU1NDlBQzE0NzM2NTI0MjFCMzlFRDQ2MEMwOTY4OTgxNEU0REM1LmpwZw.jpg",
      "https://imgproxy-retcat.assets.schwarz/MFVYEWoSU-Eb3i3jvh0EhXA7iotZKX4aGuwa3OnIMXA/sm:1/w:427/h:320/cz/M6Ly9wcm9kLWNhd/GFsb2ctbWVkaWEvc2kvMS85MjkwQjgwOUMwNUNGN0M3MkExMzg2MkI/5QzY2NzU5QjZFMjkxRTdFNjc5QUMzNzdEOUJDRTZCMzUwMzJEQjkwLmpwZw.jpg",
      "https://imgproxy-retcat.assets.schwarz/2Btgpc5S8h4LnqnuZ5A6i3mRu508Dl77h6aUOR3XTXE/sm:1/w:427/h:320/cz/M6Ly9wcm9kLWNhd/GFsb2ctbWVkaWEvc2kvMS9ERTJCNURFMkMxNzk2RTdGN0RCQjAxOEM/zRUI3MUExNERFOTZDNzQ4NTU2MkZGNUE0MEIzMENEMTdFNDFEOTE2LmpwZw.jpg"
    ],
    "image_accessibility": "Trije Ballino sladoledni korneti: jagodni, čokoladni in vanilijev.",
    "detailed_images": [
      {
        "url": "https://imgproxy-retcat.assets.schwarz/6EzoxvvRWNW9Ulx8l5xAIQTn8o7IZIFKPvrWYZPr59s/sm:1/w:427/h:320/cz/M6Ly9wcm9kLWNhd/GFsb2ctbWVkaWEvc2kvMS8wODFGQkFCRTdFNURCNDJFRkY4NDNBODE/3NjU1NDlBQzE0NzM2NTI0MjFCMzlFRDQ2MEMwOTY4OTgxNEU0REM1LmpwZw.jpg",
        "accessibility": "Trije Ballino sladoledni korneti: jagodni, čokoladni in vanilijev."
      },
      {
        "url": "https://imgproxy-retcat.assets.schwarz/MFVYEWoSU-Eb3i3jvh0EhXA7iotZKX4aGuwa3OnIMXA/sm:1/w:427/h:320/cz/M6Ly9wcm9kLWNhd/GFsb2ctbWVkaWEvc2kvMS85MjkwQjgwOUMwNUNGN0M3MkExMzg2MkI/5QzY2NzU5QjZFMjkxRTdFNjc5QUMzNzdEOUJDRTZCMzUwMzJEQjkwLmpwZw.jpg",
        "accessibility": "Sallingov stožec z jagodnim sladoledom."
      },
      {
        "url": "https://imgproxy-retcat.assets.schwarz/2Btgpc5S8h4LnqnuZ5A6i3mRu508Dl77h6aUOR3XTXE/sm:1/w:427/h:320/cz/M6Ly9wcm9kLWNhd/GFsb2ctbWVkaWEvc2kvMS9ERTJCNURFMkMxNzk2RTdGN0RCQjAxOEM/zRUI3MUExNERFOTZDNzQ4NTU2MkZGNUE0MEIzMENEMTdFNDFEOTE2LmpwZw.jpg",
        "accessibility": "Brillino stožec z vaniljevim sladoledom in čokoladnimi koščki."
      }
    ],
    "analytics_category": "Food",
    "more_details": "Dodatne podrobnosti o izdelku",
    "won_category_primary": "Svetovi potreb/Hrana in bližnja hrana/Prigrizki in slaščice",
    "won_category_primary_path": "0/17/1721",
    "canonical_path": "/p/ballino-kornet/p10075319",
    "canonical_url": "/p/ballino-kornet/p10075319",
    "awards": [],
    "seals": [
      {
        "altText": "Žig Rainforest Alliance: Ljudje & Narava",
        "image": "https://imgproxy-retcat.assets.schwarz/lbMCis-jGZQNzMXk3WVad3uyJkZ4j8S3P-DyZdCd0KE/sm:1/w:140/cz/M6Ly9wcm9kLWNhd/GFsb2ctbWVkaWEvc2kvMi9FNjBFQjg3QzI4NzMzREE2NTY4NzA1OUN/EMUZDNkVCNUEwMkQxODZDNkQ0MUNFMjVDREJCMjdGNThDRDhGNEJBLnBuZw.png"
      }
    ],
    "ribbons": [],
    "highlighted_seals": 0,
    "lidl_plus": [],
    "regions": [],
    "ians": [
      "1173"
    ],
    "show_brand": true,
    "deal_of_day_active": false,
    "full_title_meta": "BALLINO Kornet",
    "lists": [
      4991
    ],
    "preview": false,
    "category_breadcrumbs": [
      {
        "id": "10068374",
        "name": "Hrana in pijača",
        "url": "/c/hrana-in-pijaca/s10068374",
        "hidden": false
      },
      {
        "id": "10071044",
        "name": "Prigrizki in sladkarije",
        "url": "/h/prigrizki-in-sladkarije/h10071044",
        "hidden": false
      }
    ],
    "campaigns": [
      {
        "id": "Current_Sales_Week",
        "name": "Ta teden",
        "url": null,
        "hidden": false
      },
      {
        "id": "10072826",
        "name": "Tvoja osvežitev se začne v Lidlu.",
        "url": "/c/tvoja-osvezitev-se-zacne-v-lidlu/a10072826",
        "hidden": false
      }
    ],
    "world_of_needs_code": "1721",
    "world_of_needs_name": "Prigrizki in slaščice",
    "world_of_needs_parent": "17",
    "is_main_category": true,
    "super_categories": [
      {
        "code": "17",
        "name": "Hrana in bližnja hrana",
        "parent": "0"
      },
      {
        "code": "0",
        "name": "Svetovi potreb",
        "parent": ""
      }
    ],
    "position": 23,
    "tracking_payload": {
      "searchTrackingMasterId": "Product.10075319",
      "searchTrackingTitle": "Kornet",
      "searchTrackingPageSize": 100,
      "searchTrackingPage": 1,
      "searchTrackingEvent": "click",
      "list": "search",
      "searchTrackingId": "Product.10075319",
      "searchTrackingOrigPos": 1,
      "searchTrackingPos": 23,
      "searchTrackingOrigPageSize": 100,
      "searchTrackingChannel": "SI",
      "category": "Food"
    }
  },
  {
    "code": "10082841",
    "name": "Smetana za kuhanje",
    "url": "",
    "result_class": "product",
    "type": "product",
    "product_id": 10082841,
    "erp_number": "10082841",
    "item_id": 10082841,
    "full_title": "PILOS Smetana za kuhanje",
    "title": "Smetana za kuhanje",
    "category": "Food",
    "product_type": "RETAIL",
    "age_restriction": false,
    "is_used_product": false,
    "multipack": false,
    "online": false,
    "store": false,
    "quick_add_to_cart": false,
    "flash_sales": false,
    "having_videos": false,
    "having_threesixty": false,
    "price": 1.29,
    "old_price": 1.69,
    "currency_code": "EUR",
    "currency_symbol": "€",
    "has_star": true,
    "has_vat": false,
    "price_theme": "white_red",
    "variants_have_different_prices": false,
    "base_price_text": "1 l = 2.58",
    "base_price_prefix": false,
    "packaging_text": "500 ml",
    "discount_deleted_price": 1.69,
    "discount_text": "- 23 %",
    "discount_percentage": 23,
    "discount_has_star": false,
    "show_discount": true,
    "show_percentage": true,
    "from_recommended_price": false,
    "availability_indicator": 0,
    "online_available": false,
    "min_orderable_quantity": 1,
    "orderable_quantities": [],
    "badge_texts": [
      "V trgovini od 14.07. do 16.07."
    ],
    "badge_types": [
      "IN_STORE_FROM_FUTURE_DATE_RANGE"
    ],
    "main_image": "https://imgproxy-retcat.assets.schwarz/o1UbjCUISpdL-rGKVC03lYeLUoMc3nC-Sys6fTZ64EM/sm:1/w:427/h:320/cz/M6Ly9wcm9kLWNhd/GFsb2ctbWVkaWEvc2kvMS8wOTU3NDVENUM0QjU1QUY1ODMwMjdBMTg/5MkI4NjI4Njk4RDc4RDBGREY5ODQ4NDlCMkZEQjA5NjBGRUEzQjFBLmpwZw.jpg",
    "image_list": [
      "https://imgproxy-retcat.assets.schwarz/o1UbjCUISpdL-rGKVC03lYeLUoMc3nC-Sys6fTZ64EM/sm:1/w:427/h:320/cz/M6Ly9wcm9kLWNhd/GFsb2ctbWVkaWEvc2kvMS8wOTU3NDVENUM0QjU1QUY1ODMwMjdBMTg/5MkI4NjI4Njk4RDc4RDBGREY5ODQ4NDlCMkZEQjA5NjBGRUEzQjFBLmpwZw.jpg"
    ],
    "image_accessibility": "Pakiranje Pilos kulinarične smetane 10%.",
    "detailed_images": [
      {
        "url": "https://imgproxy-retcat.assets.schwarz/o1UbjCUISpdL-rGKVC03lYeLUoMc3nC-Sys6fTZ64EM/sm:1/w:427/h:320/cz/M6Ly9wcm9kLWNhd/GFsb2ctbWVkaWEvc2kvMS8wOTU3NDVENUM0QjU1QUY1ODMwMjdBMTg/5MkI4NjI4Njk4RDc4RDBGREY5ODQ4NDlCMkZEQjA5NjBGRUEzQjFBLmpwZw.jpg",
        "accessibility": "Pakiranje Pilos kulinarične smetane 10%."
      }
    ],
    "analytics_category": "Food",
    "more_details": "Dodatne podrobnosti o izdelku",
    "won_category_primary": "Svetovi potreb/Hrana in bližnja hrana/Sir in mlečni izdelki (vključno z maslom in sirom)",
    "won_category_primary_path": "0/17/1718",
    "canonical_path": "/p/pilos-smetana-za-kuhanje/p10082841",
    "canonical_url": "/p/pilos-smetana-za-kuhanje/p10082841",
    "awards": [],
    "seals": [],
    "ribbons": [],
    "highlighted_seals": 0,
    "lidl_plus": [],
    "regions": [],
    "ians": [
      "6901477"
    ],
    "show_brand": true,
    "deal_of_day_active": false,
    "full_title_meta": "PILOS Smetana za kuhanje",
    "lists": [
      4991
    ],
    "preview": false,
    "category_breadcrumbs": [
      {
        "id": "10068374",
        "name": "Hrana in pijača",
        "url": "/c/hrana-in-pijaca/s10068374",
        "hidden": false
      },
      {
        "id": "10071017",
        "name": " Sir &  Mlečni izdelki",
        "url": "/h/sir-mlecni-izdelki/h10071017",
        "hidden": false
      }
    ],
    "campaigns": [
      {
        "id": "Next_Sales_Week",
        "name": "Naslednji teden",
        "url": null,
        "hidden": false
      },
      {
        "id": "10075264",
        "name": "Tvoja Lidl cena",
        "url": "/c/tvoja-lidl-cena/a10075264",
        "hidden": false
      }
    ],
    "world_of_needs_code": "1718",
    "world_of_needs_name": "Sir in mlečni izdelki (vključno z maslom in sirom)",
    "world_of_needs_parent": "17",
    "is_main_category": true,
    "super_categories": [
      {
        "code": "17",
        "name": "Hrana in bližnja hrana",
        "parent": "0"
      },
      {
        "code": "0",
        "name": "Svetovi potreb",
        "parent": ""
      }
    ],
    "position": 24,
    "tracking_payload": {
      "searchTrackingMasterId": "Product.10082841",
      "searchTrackingTitle": "Smetana+za+kuhanje",
      "searchTrackingPageSize": 100,
      "searchTrackingPage": 1,
      "searchTrackingEvent": "click",
      "list": "search",
      "searchTrackingId": "Product.10082841",
      "searchTrackingOrigPos": 1,
      "searchTrackingPos": 24,
      "searchTrackingOrigPageSize": 100,
      "searchTrackingChannel": "SI",
      "category": "Food"
    }
  },
  {
    "code": "10082703",
    "name": "Sok citrusov",
    "url": "",
    "result_class": "product",
    "type": "product",
    "product_id": 10082703,
    "erp_number": "10082703",
    "item_id": 10082703,
    "full_title": "SOLEVITA Sok citrusov",
    "title": "Sok citrusov",
    "category": "Food",
    "product_type": "RETAIL",
    "age_restriction": false,
    "is_used_product": false,
    "multipack": false,
    "online": false,
    "store": false,
    "quick_add_to_cart": false,
    "flash_sales": false,
    "having_videos": false,
    "having_threesixty": false,
    "price": 0.29,
    "old_price": 0.38,
    "currency_code": "EUR",
    "currency_symbol": "€",
    "has_star": true,
    "has_vat": false,
    "price_theme": "white_red",
    "variants_have_different_prices": false,
    "base_price_text": "1 l = 1.45",
    "base_price_prefix": false,
    "packaging_text": "200 ml",
    "discount_deleted_price": 0.38,
    "discount_text": "- 23 %",
    "discount_percentage": 23,
    "discount_has_star": false,
    "show_discount": true,
    "show_percentage": true,
    "from_recommended_price": false,
    "availability_indicator": 0,
    "online_available": false,
    "min_orderable_quantity": 1,
    "orderable_quantities": [],
    "badge_texts": [
      "V trgovini od 10.07. do 16.07."
    ],
    "badge_types": [
      "IN_STORE_FROM_FUTURE_DATE_RANGE"
    ],
    "main_image": "https://imgproxy-retcat.assets.schwarz/Z7c3nppaYR4KD6sO-JNOopf2j6NPN1Oe-Z2rNfjgENg/sm:1/w:427/h:320/cz/M6Ly9wcm9kLWNhd/GFsb2ctbWVkaWEvc2kvMS9DMkM0MDIwNTAyMTkxMTM0OUExM0M3RDA/4OUMxMTk0QUI4MkIzNUUxQjRERUJEMDVGMzQ2RjJCQzBCRkY4QzA1LmpwZw.jpg",
    "image_list": [
      "https://imgproxy-retcat.assets.schwarz/Z7c3nppaYR4KD6sO-JNOopf2j6NPN1Oe-Z2rNfjgENg/sm:1/w:427/h:320/cz/M6Ly9wcm9kLWNhd/GFsb2ctbWVkaWEvc2kvMS9DMkM0MDIwNTAyMTkxMTM0OUExM0M3RDA/4OUMxMTk0QUI4MkIzNUUxQjRERUJEMDVGMzQ2RjJCQzBCRkY4QzA1LmpwZw.jpg",
      "https://imgproxy-retcat.assets.schwarz/_MDEpTu_YYGHPN3LPdjpRd_FBFGTY8rKimIF_oYk3_w/sm:1/w:427/h:320/cz/M6Ly9wcm9kLWNhd/GFsb2ctbWVkaWEvc2kvMS8zQzYxMzUxRDhFMUVFM0EzNjhCQTYxMTQ/3NzRCMTU4NTUzQzAwOEU1NTBFNEIzNUQ3MEM4M0MzN0RBQTNFRUJDLmpwZw.jpg"
    ],
    "image_accessibility": "Lidl-ovi Odličnjaki limetin sok in pijača.",
    "detailed_images": [
      {
        "url": "https://imgproxy-retcat.assets.schwarz/Z7c3nppaYR4KD6sO-JNOopf2j6NPN1Oe-Z2rNfjgENg/sm:1/w:427/h:320/cz/M6Ly9wcm9kLWNhd/GFsb2ctbWVkaWEvc2kvMS9DMkM0MDIwNTAyMTkxMTM0OUExM0M3RDA/4OUMxMTk0QUI4MkIzNUUxQjRERUJEMDVGMzQ2RjJCQzBCRkY4QzA1LmpwZw.jpg",
        "accessibility": "Lidl-ovi Odličnjaki limetin sok in pijača."
      },
      {
        "url": "https://imgproxy-retcat.assets.schwarz/_MDEpTu_YYGHPN3LPdjpRd_FBFGTY8rKimIF_oYk3_w/sm:1/w:427/h:320/cz/M6Ly9wcm9kLWNhd/GFsb2ctbWVkaWEvc2kvMS8zQzYxMzUxRDhFMUVFM0EzNjhCQTYxMTQ/3NzRCMTU4NTUzQzAwOEU1NTBFNEIzNUQ3MEM4M0MzN0RBQTNFRUJDLmpwZw.jpg",
        "accessibility": "Liker limoninega soka v steklenici, obdan z limetami in pijačo."
      }
    ],
    "analytics_category": "Food",
    "more_details": "Dodatne podrobnosti o izdelku",
    "won_category_primary": "Svetovi potreb/Hrana in bližnja hrana/Pijače",
    "won_category_primary_path": "0/17/1720",
    "canonical_path": "/p/solevita-sok-citrusov/p10082703",
    "canonical_url": "/p/solevita-sok-citrusov/p10082703",
    "awards": [],
    "seals": [
      {
        "altText": "Logotip Lidl Plus",
        "image": "https://imgproxy-retcat.assets.schwarz/DjNLhjIEpHeUFO-WYf3wploAS16YAf6tVgt5EMshyFs/sm:1/w:140/cz/M6Ly9wcm9kLWNhd/GFsb2ctbWVkaWEvc2kvMi9BMEU2QkJCNEZCQTZENzlEQ0MzRDRFOEM/2REREODBCRjMwQUNFQjJBMDBGREI4RjI1M0Y3MDYzOTFFMTg3RUVGLnBuZw.png"
      }
    ],
    "ribbons": [],
    "highlighted_seals": 0,
    "lidl_plus": [],
    "regions": [],
    "ians": [
      "2611"
    ],
    "show_brand": true,
    "deal_of_day_active": false,
    "full_title_meta": "SOLEVITA Sok citrusov",
    "lists": [
      4991
    ],
    "preview": false,
    "category_breadcrumbs": [
      {
        "id": "10068374",
        "name": "Hrana in pijača",
        "url": "/c/hrana-in-pijaca/s10068374",
        "hidden": false
      },
      {
        "id": "10071022",
        "name": "Pijače",
        "url": "/h/pijace/h10071022",
        "hidden": false
      }
    ],
    "campaigns": [
      {
        "id": "Current_Sales_Week",
        "name": "Ta teden",
        "url": null,
        "hidden": false
      },
      {
        "id": "10024188",
        "name": "Lidl Plus",
        "url": "/c/lidl-plus/a10024188",
        "hidden": false
      }
    ],
    "world_of_needs_code": "1720",
    "world_of_needs_name": "Pijače",
    "world_of_needs_parent": "17",
    "is_main_category": true,
    "super_categories": [
      {
        "code": "17",
        "name": "Hrana in bližnja hrana",
        "parent": "0"
      },
      {
        "code": "0",
        "name": "Svetovi potreb",
        "parent": ""
      }
    ],
    "position": 25,
    "tracking_payload": {
      "searchTrackingMasterId": "Product.10082703",
      "searchTrackingTitle": "Sok+citrusov",
      "searchTrackingPageSize": 100,
      "searchTrackingPage": 1,
      "searchTrackingEvent": "click",
      "list": "search",
      "searchTrackingId": "Product.10082703",
      "searchTrackingOrigPos": 1,
      "searchTrackingPos": 25,
      "searchTrackingOrigPageSize": 100,
      "searchTrackingChannel": "SI",
      "category": "Food"
    }
  },
  {
    "code": "10082850",
    "name": "Marelice",
    "url": "",
    "result_class": "product",
    "type": "product",
    "product_id": 10082850,
    "erp_number": "10082850",
    "item_id": 10082850,
    "full_title": "Marelice",
    "title": "Marelice",
    "category": "Food",
    "product_type": "RETAIL",
    "age_restriction": false,
    "is_used_product": false,
    "multipack": false,
    "online": false,
    "store": false,
    "quick_add_to_cart": false,
    "flash_sales": false,
    "having_videos": false,
    "having_threesixty": false,
    "price": 2.69,
    "old_price": 3.49,
    "currency_code": "EUR",
    "currency_symbol": "€",
    "has_star": true,
    "has_vat": false,
    "price_theme": "white_red",
    "variants_have_different_prices": false,
    "base_price_text": null,
    "base_price_prefix": null,
    "packaging_text": "za kg",
    "discount_deleted_price": 3.49,
    "discount_text": "- 22 %",
    "discount_percentage": 22,
    "discount_has_star": false,
    "show_discount": true,
    "show_percentage": true,
    "from_recommended_price": false,
    "availability_indicator": 0,
    "online_available": false,
    "min_orderable_quantity": 1,
    "orderable_quantities": [],
    "badge_texts": [
      "V trgovini od 14.07. do 16.07."
    ],
    "badge_types": [
      "IN_STORE_FROM_FUTURE_DATE_RANGE"
    ],
    "main_image": "https://imgproxy-retcat.assets.schwarz/D2OrVR0GbdRTIv67cwBcWMQaoVaLmN5MOt5LJZhlOLA/sm:1/w:427/h:320/cz/M6Ly9wcm9kLWNhd/GFsb2ctbWVkaWEvc2kvMS84QjQzQTQzREFEQUJFNTkxODQ0NzA5OTZ/GNjREQzhEODQ0QzdGQ0JDNTE2M0FDNjgxRjJENDU2NjFFNEUwMDI3LmpwZw.jpg",
    "image_list": [
      "https://imgproxy-retcat.assets.schwarz/D2OrVR0GbdRTIv67cwBcWMQaoVaLmN5MOt5LJZhlOLA/sm:1/w:427/h:320/cz/M6Ly9wcm9kLWNhd/GFsb2ctbWVkaWEvc2kvMS84QjQzQTQzREFEQUJFNTkxODQ0NzA5OTZ/GNjREQzhEODQ0QzdGQ0JDNTE2M0FDNjgxRjJENDU2NjFFNEUwMDI3LmpwZw.jpg"
    ],
    "image_accessibility": "Skleda marelic.",
    "detailed_images": [
      {
        "url": "https://imgproxy-retcat.assets.schwarz/D2OrVR0GbdRTIv67cwBcWMQaoVaLmN5MOt5LJZhlOLA/sm:1/w:427/h:320/cz/M6Ly9wcm9kLWNhd/GFsb2ctbWVkaWEvc2kvMS84QjQzQTQzREFEQUJFNTkxODQ0NzA5OTZ/GNjREQzhEODQ0QzdGQ0JDNTE2M0FDNjgxRjJENDU2NjFFNEUwMDI3LmpwZw.jpg",
        "accessibility": "Skleda marelic."
      }
    ],
    "analytics_category": "Food",
    "more_details": "Dodatne podrobnosti o izdelku",
    "won_category_primary": "Svetovi potreb/Hrana in bližnja hrana/Sadje in zelenjava",
    "won_category_primary_path": "0/17/1710",
    "canonical_path": "/p/marelice/p10082850",
    "canonical_url": "/p/marelice/p10082850",
    "awards": [],
    "seals": [],
    "ribbons": [],
    "highlighted_seals": 0,
    "lidl_plus": [],
    "regions": [],
    "ians": [
      "80346"
    ],
    "show_brand": false,
    "deal_of_day_active": false,
    "full_title_meta": "Marelice",
    "lists": [
      4991
    ],
    "preview": false,
    "category_breadcrumbs": [
      {
        "id": "10068374",
        "name": "Hrana in pijača",
        "url": "/c/hrana-in-pijaca/s10068374",
        "hidden": false
      },
      {
        "id": "10071012",
        "name": "Sadje in zelenjava",
        "url": "/h/sadje-in-zelenjava/h10071012",
        "hidden": false
      }
    ],
    "campaigns": [
      {
        "id": "Next_Sales_Week",
        "name": "Naslednji teden",
        "url": null,
        "hidden": false
      },
      {
        "id": "10075264",
        "name": "Tvoja Lidl cena",
        "url": "/c/tvoja-lidl-cena/a10075264",
        "hidden": false
      }
    ],
    "world_of_needs_code": "1710",
    "world_of_needs_name": "Sadje in zelenjava",
    "world_of_needs_parent": "17",
    "is_main_category": true,
    "super_categories": [
      {
        "code": "17",
        "name": "Hrana in bližnja hrana",
        "parent": "0"
      },
      {
        "code": "0",
        "name": "Svetovi potreb",
        "parent": ""
      }
    ],
    "position": 26,
    "tracking_payload": {
      "searchTrackingMasterId": "Product.10082850",
      "searchTrackingTitle": "Marelice",
      "searchTrackingPageSize": 100,
      "searchTrackingPage": 1,
      "searchTrackingEvent": "click",
      "list": "search",
      "searchTrackingId": "Product.10082850",
      "searchTrackingOrigPos": 1,
      "searchTrackingPos": 26,
      "searchTrackingOrigPageSize": 100,
      "searchTrackingChannel": "SI",
      "category": "Food"
    }
  },
  {
    "code": "10078955",
    "name": "Sladoledne rezine",
    "url": "",
    "result_class": "product",
    "type": "product",
    "product_id": 10078955,
    "erp_number": "10078955",
    "item_id": 10078955,
    "full_title": "GELATELLI Sladoledne rezine",
    "title": "Sladoledne rezine",
    "category": "Food",
    "product_type": "RETAIL",
    "age_restriction": false,
    "is_used_product": false,
    "multipack": false,
    "online": false,
    "store": false,
    "quick_add_to_cart": false,
    "flash_sales": false,
    "having_videos": false,
    "having_threesixty": false,
    "price": 2.09,
    "old_price": 2.69,
    "currency_code": "EUR",
    "currency_symbol": "€",
    "has_star": true,
    "has_vat": false,
    "price_theme": "white_red",
    "variants_have_different_prices": false,
    "base_price_text": "1 l = 6.97-6.57",
    "base_price_prefix": false,
    "packaging_text": "6 x 50/53/51 ml",
    "discount_deleted_price": 2.69,
    "discount_text": "- 20 %",
    "discount_percentage": 22,
    "discount_has_star": false,
    "show_discount": true,
    "show_percentage": true,
    "from_recommended_price": false,
    "availability_indicator": 0,
    "online_available": false,
    "min_orderable_quantity": 1,
    "orderable_quantities": [],
    "badge_texts": [
      "V trgovini od 10.07. do 16.07."
    ],
    "badge_types": [
      "IN_STORE_FROM_FUTURE_DATE_RANGE"
    ],
    "main_image": "https://imgproxy-retcat.assets.schwarz/st2IYgDudccniY-y39DmLHpazoh2G_dzgdvjWg_swIo/sm:1/w:427/h:320/cz/M6Ly9wcm9kLWNhd/GFsb2ctbWVkaWEvc2kvMS81QUEwMzhGRkZEMDM1QUYyNzlDMUU0ODl/BNjFFMjNCRjkwQTI2REUwNkI3QUFBNjAxMDU4REI4Q0U3MjM3MkYzLmpwZw.jpg",
    "image_list": [
      "https://imgproxy-retcat.assets.schwarz/st2IYgDudccniY-y39DmLHpazoh2G_dzgdvjWg_swIo/sm:1/w:427/h:320/cz/M6Ly9wcm9kLWNhd/GFsb2ctbWVkaWEvc2kvMS81QUEwMzhGRkZEMDM1QUYyNzlDMUU0ODl/BNjFFMjNCRjkwQTI2REUwNkI3QUFBNjAxMDU4REI4Q0U3MjM3MkYzLmpwZw.jpg",
      "https://imgproxy-retcat.assets.schwarz/gvUw0hV9fcqem6rGg0TLYgLv7FlMjPShovpQRrFBcEU/sm:1/w:427/h:320/cz/M6Ly9wcm9kLWNhd/GFsb2ctbWVkaWEvc2kvMS9EMTE5RDUzRTlCNUQ3MUEwNzRCM0U0OTM/3N0VCNTQ3MDBFQkUzRDFBNzM3MEE0RjhFMzM5MzYwN0U2ODI0MUMyLmpwZw.jpg",
      "https://imgproxy-retcat.assets.schwarz/CRADLUMnBm5cIg-97VyTGKDJ5jt6j40f2g07w8ATyRw/sm:1/w:427/h:320/cz/M6Ly9wcm9kLWNhd/GFsb2ctbWVkaWEvc2kvMS8yNEM1MkNGOTc5RTVCNzUxNDBDOUI5QTE/2QUZEOTY1N0YyREU0QzA2RjE0QUE4MjVDREY0RDEzQjczNzE1OTJELmpwZw.jpg"
    ],
    "image_accessibility": "Trije paketi sladoleda Blue Bunny: čokoladni, kokosovi in karamelni.",
    "detailed_images": [
      {
        "url": "https://imgproxy-retcat.assets.schwarz/st2IYgDudccniY-y39DmLHpazoh2G_dzgdvjWg_swIo/sm:1/w:427/h:320/cz/M6Ly9wcm9kLWNhd/GFsb2ctbWVkaWEvc2kvMS81QUEwMzhGRkZEMDM1QUYyNzlDMUU0ODl/BNjFFMjNCRjkwQTI2REUwNkI3QUFBNjAxMDU4REI4Q0U3MjM3MkYzLmpwZw.jpg",
        "accessibility": "Trije paketi sladoleda Blue Bunny: čokoladni, kokosovi in karamelni."
      },
      {
        "url": "https://imgproxy-retcat.assets.schwarz/gvUw0hV9fcqem6rGg0TLYgLv7FlMjPShovpQRrFBcEU/sm:1/w:427/h:320/cz/M6Ly9wcm9kLWNhd/GFsb2ctbWVkaWEvc2kvMS9EMTE5RDUzRTlCNUQ3MUEwNzRCM0U0OTM/3N0VCNTQ3MDBFQkUzRDFBNzM3MEE0RjhFMzM5MzYwN0U2ODI0MUMyLmpwZw.jpg",
        "accessibility": "Pakiranje sladoleda Chio Cream z okusom karamele."
      },
      {
        "url": "https://imgproxy-retcat.assets.schwarz/CRADLUMnBm5cIg-97VyTGKDJ5jt6j40f2g07w8ATyRw/sm:1/w:427/h:320/cz/M6Ly9wcm9kLWNhd/GFsb2ctbWVkaWEvc2kvMS8yNEM1MkNGOTc5RTVCNzUxNDBDOUI5QTE/2QUZEOTY1N0YyREU0QzA2RjE0QUE4MjVDREY0RDEzQjczNzE1OTJELmpwZw.jpg",
        "accessibility": "Pakiranje sladolednih palčk okusa kokosa znamke Glace."
      }
    ],
    "analytics_category": "Food",
    "more_details": "Dodatne podrobnosti o izdelku",
    "won_category_primary": "Svetovi potreb/Hrana in bližnja hrana/Zamrznjena hrana (Zamrznjena hrana)",
    "won_category_primary_path": "0/17/1716",
    "canonical_path": "/p/gelatelli-sladoledne-rezine/p10078955",
    "canonical_url": "/p/gelatelli-sladoledne-rezine/p10078955",
    "awards": [],
    "seals": [
      {
        "altText": "Slovenski izdelek",
        "image": "https://imgproxy-retcat.assets.schwarz/065GlWscfuyzRNlqdEjgEaZNE6893872XSglFaanlJA/sm:1/w:140/cz/M6Ly9wcm9kLWNhd/GFsb2ctbWVkaWEvc2kvMi83RTk4NkYyRDk1MTlDRUJBNzA1N0JGMzA/1QjA1NjUyRjVCMjMzNzZGRjY4MzVEREFGQzIwQzE5NDVFQUE5M0RCLnBuZw.png"
      }
    ],
    "ribbons": [],
    "highlighted_seals": 0,
    "lidl_plus": [],
    "regions": [],
    "ians": [
      "133318"
    ],
    "show_brand": true,
    "deal_of_day_active": false,
    "full_title_meta": "GELATELLI Sladoledne rezine",
    "lists": [
      4991
    ],
    "preview": false,
    "category_breadcrumbs": [
      {
        "id": "10068374",
        "name": "Hrana in pijača",
        "url": "/c/hrana-in-pijaca/s10068374",
        "hidden": false
      },
      {
        "id": "10071049",
        "name": "Zamrznjena hrana",
        "url": "/h/zamrznjena-hrana/h10071049",
        "hidden": false
      }
    ],
    "campaigns": [
      {
        "id": "Current_Sales_Week",
        "name": "Ta teden",
        "url": null,
        "hidden": false
      },
      {
        "id": "10072826",
        "name": "Tvoja osvežitev se začne v Lidlu.",
        "url": "/c/tvoja-osvezitev-se-zacne-v-lidlu/a10072826",
        "hidden": false
      }
    ],
    "world_of_needs_code": "1716",
    "world_of_needs_name": "Zamrznjena hrana (Zamrznjena hrana)",
    "world_of_needs_parent": "17",
    "is_main_category": true,
    "super_categories": [
      {
        "code": "17",
        "name": "Hrana in bližnja hrana",
        "parent": "0"
      },
      {
        "code": "0",
        "name": "Svetovi potreb",
        "parent": ""
      }
    ],
    "position": 27,
    "tracking_payload": {
      "searchTrackingMasterId": "Product.10078955",
      "searchTrackingTitle": "Sladoledne+rezine",
      "searchTrackingPageSize": 100,
      "searchTrackingPage": 1,
      "searchTrackingEvent": "click",
      "list": "search",
      "searchTrackingId": "Product.10078955",
      "searchTrackingOrigPos": 1,
      "searchTrackingPos": 27,
      "searchTrackingOrigPageSize": 100,
      "searchTrackingChannel": "SI",
      "category": "Food"
    }
  },
  {
    "code": "10081994",
    "name": "Rogljički",
    "url": "",
    "result_class": "product",
    "type": "product",
    "product_id": 10081994,
    "erp_number": "10081994",
    "item_id": 10081994,
    "full_title": "MAITRE JEAN PIERRE Rogljički",
    "title": "Rogljički",
    "category": "Food",
    "product_type": "RETAIL",
    "age_restriction": false,
    "is_used_product": false,
    "multipack": false,
    "online": false,
    "store": true,
    "quick_add_to_cart": false,
    "flash_sales": false,
    "having_videos": false,
    "having_threesixty": false,
    "price": 0.99,
    "old_price": 1.39,
    "currency_code": "EUR",
    "currency_symbol": "€",
    "has_star": true,
    "has_vat": false,
    "price_theme": "white_red",
    "variants_have_different_prices": false,
    "base_price_text": "1 kg = 4.13",
    "base_price_prefix": false,
    "packaging_text": "5 x 48 g",
    "discount_deleted_price": 1.39,
    "discount_text": "- 28 %",
    "discount_percentage": 28,
    "discount_has_star": false,
    "show_discount": true,
    "show_percentage": true,
    "from_recommended_price": false,
    "availability_indicator": 0,
    "online_available": false,
    "min_orderable_quantity": 1,
    "orderable_quantities": [],
    "badge_texts": [
      "V trgovini od 03.07. do 09.07."
    ],
    "badge_types": [
      "IN_STORE_PAST_DATE_RANGE"
    ],
    "main_image": "https://imgproxy-retcat.assets.schwarz/49NuCq3A6dgEKcYT3hD4fvtxbWnEstK5VMIQ31WEBZ8/sm:1/w:427/h:320/cz/M6Ly9wcm9kLWNhd/GFsb2ctbWVkaWEvc2kvMS9CQTIyRkM2MzI0QzVGNDk3RUI1RTUxQzh/BODA3NkFENkI4OEZEMTg1OTZBNTk2MjhEMUIzNzlEMjRFM0YxQTUwLmpwZw.jpg",
    "image_list": [
      "https://imgproxy-retcat.assets.schwarz/49NuCq3A6dgEKcYT3hD4fvtxbWnEstK5VMIQ31WEBZ8/sm:1/w:427/h:320/cz/M6Ly9wcm9kLWNhd/GFsb2ctbWVkaWEvc2kvMS9CQTIyRkM2MzI0QzVGNDk3RUI1RTUxQzh/BODA3NkFENkI4OEZEMTg1OTZBNTk2MjhEMUIzNzlEMjRFM0YxQTUwLmpwZw.jpg",
      "https://imgproxy-retcat.assets.schwarz/Es-sQM6f6RZgAhiftZCh_LaPIsxyybLq_0mPF70zRzg/sm:1/w:427/h:320/cz/M6Ly9wcm9kLWNhd/GFsb2ctbWVkaWEvc2kvMS8xMkNGRjE2RTc5OTI5MTlGMDU3QTlDNkE/3MjE2QTg5MEEwMzQ2MENDMEU4QTRDOTI0NDdCQzkzRERERTlGNjlBLmpwZw.jpg",
      "https://imgproxy-retcat.assets.schwarz/MEKy8S4oB0cgF9NmZP5EDKcitP6IdZmDJdW0DxwfO80/sm:1/w:427/h:320/cz/M6Ly9wcm9kLWNhd/GFsb2ctbWVkaWEvc2kvMS8wNzYwQTBDNzkzMzE5NUZFNERGQTA1NzY/wOTMxRUM0MjIwNUExMkE5QTM3NDZGOTNDRTQ4QTgxOTEyMzc1Njk4LmpwZw.jpg"
    ],
    "image_accessibility": "Dve vrečki s po 5 mini kroasani, ena s čokolado, ena navadna.",
    "detailed_images": [
      {
        "url": "https://imgproxy-retcat.assets.schwarz/49NuCq3A6dgEKcYT3hD4fvtxbWnEstK5VMIQ31WEBZ8/sm:1/w:427/h:320/cz/M6Ly9wcm9kLWNhd/GFsb2ctbWVkaWEvc2kvMS9CQTIyRkM2MzI0QzVGNDk3RUI1RTUxQzh/BODA3NkFENkI4OEZEMTg1OTZBNTk2MjhEMUIzNzlEMjRFM0YxQTUwLmpwZw.jpg",
        "accessibility": "Dve vrečki s po 5 mini kroasani, ena s čokolado, ena navadna."
      },
      {
        "url": "https://imgproxy-retcat.assets.schwarz/Es-sQM6f6RZgAhiftZCh_LaPIsxyybLq_0mPF70zRzg/sm:1/w:427/h:320/cz/M6Ly9wcm9kLWNhd/GFsb2ctbWVkaWEvc2kvMS8xMkNGRjE2RTc5OTI5MTlGMDU3QTlDNkE/3MjE2QTg5MEEwMzQ2MENDMEU4QTRDOTI0NDdCQzkzRERERTlGNjlBLmpwZw.jpg",
        "accessibility": "Pakiranje 5 čokoladnih kroasanov."
      },
      {
        "url": "https://imgproxy-retcat.assets.schwarz/MEKy8S4oB0cgF9NmZP5EDKcitP6IdZmDJdW0DxwfO80/sm:1/w:427/h:320/cz/M6Ly9wcm9kLWNhd/GFsb2ctbWVkaWEvc2kvMS8wNzYwQTBDNzkzMzE5NUZFNERGQTA1NzY/wOTMxRUM0MjIwNUExMkE5QTM3NDZGOTNDRTQ4QTgxOTEyMzc1Njk4LmpwZw.jpg",
        "accessibility": "Pakiranje s petimi Peckovimi kroasani."
      }
    ],
    "analytics_category": "Food",
    "more_details": "Dodatne podrobnosti o izdelku",
    "won_category_primary": "Svetovi potreb/Hrana in bližnja hrana/Prigrizki in slaščice",
    "won_category_primary_path": "0/17/1721",
    "canonical_path": "/p/maitre-jean-pierre-rogljicki/p10081994",
    "canonical_url": "/p/maitre-jean-pierre-rogljicki/p10081994",
    "awards": [],
    "seals": [],
    "ribbons": [],
    "highlighted_seals": 0,
    "lidl_plus": [],
    "regions": [],
    "ians": [
      "74867"
    ],
    "show_brand": true,
    "deal_of_day_active": false,
    "full_title_meta": "MAITRE JEAN PIERRE Rogljički",
    "lists": [
      4986
    ],
    "preview": false,
    "category_breadcrumbs": [
      {
        "id": "10068374",
        "name": "Hrana in pijača",
        "url": "/c/hrana-in-pijaca/s10068374",
        "hidden": false
      },
      {
        "id": "10071044",
        "name": "Prigrizki in sladkarije",
        "url": "/h/prigrizki-in-sladkarije/h10071044",
        "hidden": false
      }
    ],
    "campaigns": [
      {
        "id": "Current_Sales_Week",
        "name": "Ta teden",
        "url": null,
        "hidden": false
      },
      {
        "id": "10074808",
        "name": "Tvoja Lidl cena",
        "url": "/c/tvoja-lidl-cena/a10074808",
        "hidden": false
      }
    ],
    "world_of_needs_code": "1721",
    "world_of_needs_name": "Prigrizki in slaščice",
    "world_of_needs_parent": "17",
    "is_main_category": true,
    "super_categories": [
      {
        "code": "17",
        "name": "Hrana in bližnja hrana",
        "parent": "0"
      },
      {
        "code": "0",
        "name": "Svetovi potreb",
        "parent": ""
      }
    ],
    "position": 28,
    "tracking_payload": {
      "searchTrackingMasterId": "Product.10081994",
      "searchTrackingTitle": "Roglji%C4%8Dki",
      "searchTrackingPageSize": 100,
      "searchTrackingPage": 1,
      "searchTrackingEvent": "click",
      "list": "search",
      "searchTrackingId": "Product.10081994",
      "searchTrackingOrigPos": 1,
      "searchTrackingPos": 28,
      "searchTrackingOrigPageSize": 100,
      "searchTrackingChannel": "SI",
      "category": "Food"
    }
  },
  {
    "code": "10082004",
    "name": "Testenine polžki",
    "url": "",
    "result_class": "product",
    "type": "product",
    "product_id": 10082004,
    "erp_number": "10082004",
    "item_id": 10082004,
    "full_title": "COMBINO Testenine polžki",
    "title": "Testenine polžki",
    "category": "Food",
    "product_type": "RETAIL",
    "age_restriction": false,
    "is_used_product": false,
    "multipack": false,
    "online": false,
    "store": true,
    "quick_add_to_cart": false,
    "flash_sales": false,
    "having_videos": false,
    "having_threesixty": false,
    "price": 0.99,
    "old_price": 1.39,
    "currency_code": "EUR",
    "currency_symbol": "€",
    "has_star": true,
    "has_vat": false,
    "price_theme": "white_red",
    "variants_have_different_prices": false,
    "base_price_text": "1 kg = 1.98",
    "base_price_prefix": false,
    "packaging_text": "500 g",
    "discount_deleted_price": 1.39,
    "discount_text": "- 28 %",
    "discount_percentage": 28,
    "discount_has_star": false,
    "show_discount": true,
    "show_percentage": true,
    "from_recommended_price": false,
    "availability_indicator": 0,
    "online_available": false,
    "min_orderable_quantity": 1,
    "orderable_quantities": [],
    "badge_texts": [
      "V trgovini od 03.07. do 09.07."
    ],
    "badge_types": [
      "IN_STORE_PAST_DATE_RANGE"
    ],
    "main_image": "https://imgproxy-retcat.assets.schwarz/iHo_rc5XXQr4IEWJp_QKP4neGp1B_IWZscMmaK9fDkw/sm:1/w:427/h:320/cz/M6Ly9wcm9kLWNhd/GFsb2ctbWVkaWEvc2kvMS8xRjlENzIwQjQxODE3RDA2RTg0QTA2NTM/wNDNBQ0FFRDA3MkM0Q0M2NTk4MzQ4MkI2OERENENCRDc0REYwNTlGLmpwZw.jpg",
    "image_list": [
      "https://imgproxy-retcat.assets.schwarz/iHo_rc5XXQr4IEWJp_QKP4neGp1B_IWZscMmaK9fDkw/sm:1/w:427/h:320/cz/M6Ly9wcm9kLWNhd/GFsb2ctbWVkaWEvc2kvMS8xRjlENzIwQjQxODE3RDA2RTg0QTA2NTM/wNDNBQ0FFRDA3MkM0Q0M2NTk4MzQ4MkI2OERENENCRDc0REYwNTlGLmpwZw.jpg"
    ],
    "image_accessibility": "Embalaža Campanelle testenin.",
    "detailed_images": [
      {
        "url": "https://imgproxy-retcat.assets.schwarz/iHo_rc5XXQr4IEWJp_QKP4neGp1B_IWZscMmaK9fDkw/sm:1/w:427/h:320/cz/M6Ly9wcm9kLWNhd/GFsb2ctbWVkaWEvc2kvMS8xRjlENzIwQjQxODE3RDA2RTg0QTA2NTM/wNDNBQ0FFRDA3MkM0Q0M2NTk4MzQ4MkI2OERENENCRDc0REYwNTlGLmpwZw.jpg",
        "accessibility": "Embalaža Campanelle testenin."
      }
    ],
    "analytics_category": "Food",
    "more_details": "Dodatne podrobnosti o izdelku",
    "won_category_primary": "Svetovi potreb/Hrana in bližnja hrana/Jajca in osnovna živila (testenine, moka, stročnice itd.)",
    "won_category_primary_path": "0/17/1715",
    "canonical_path": "/p/combino-testenine-polzki/p10082004",
    "canonical_url": "/p/combino-testenine-polzki/p10082004",
    "awards": [],
    "seals": [],
    "ribbons": [],
    "highlighted_seals": 0,
    "lidl_plus": [],
    "regions": [],
    "ians": [
      "3245"
    ],
    "show_brand": true,
    "deal_of_day_active": false,
    "full_title_meta": "COMBINO Testenine polžki",
    "lists": [
      4986
    ],
    "preview": false,
    "category_breadcrumbs": [
      {
        "id": "10068374",
        "name": "Hrana in pijača",
        "url": "/c/hrana-in-pijaca/s10068374",
        "hidden": false
      },
      {
        "id": "10071045",
        "name": "Jajca in osnovna živila",
        "url": "/h/jajca-in-osnovna-zivila/h10071045",
        "hidden": false
      }
    ],
    "campaigns": [
      {
        "id": "Current_Sales_Week",
        "name": "Ta teden",
        "url": null,
        "hidden": false
      },
      {
        "id": "10074808",
        "name": "Tvoja Lidl cena",
        "url": "/c/tvoja-lidl-cena/a10074808",
        "hidden": false
      }
    ],
    "world_of_needs_code": "1715",
    "world_of_needs_name": "Jajca in osnovna živila (testenine, moka, stročnice itd.)",
    "world_of_needs_parent": "17",
    "is_main_category": true,
    "super_categories": [
      {
        "code": "17",
        "name": "Hrana in bližnja hrana",
        "parent": "0"
      },
      {
        "code": "0",
        "name": "Svetovi potreb",
        "parent": ""
      }
    ],
    "position": 29,
    "tracking_payload": {
      "searchTrackingMasterId": "Product.10082004",
      "searchTrackingTitle": "Testenine+pol%C5%BEki",
      "searchTrackingPageSize": 100,
      "searchTrackingPage": 1,
      "searchTrackingEvent": "click",
      "list": "search",
      "searchTrackingId": "Product.10082004",
      "searchTrackingOrigPos": 1,
      "searchTrackingPos": 29,
      "searchTrackingOrigPageSize": 100,
      "searchTrackingChannel": "SI",
      "category": "Food"
    }
  },
  {
    "code": "10082008",
    "name": "Obloženi arašidi",
    "url": "",
    "result_class": "product",
    "type": "product",
    "product_id": 10082008,
    "erp_number": "10082008",
    "item_id": 10082008,
    "full_title": "ALESTO Obloženi arašidi",
    "title": "Obloženi arašidi",
    "category": "Food",
    "product_type": "RETAIL",
    "age_restriction": false,
    "is_used_product": false,
    "multipack": false,
    "online": false,
    "store": true,
    "quick_add_to_cart": false,
    "flash_sales": false,
    "having_videos": false,
    "having_threesixty": false,
    "price": 0.99,
    "old_price": 1.39,
    "currency_code": "EUR",
    "currency_symbol": "€",
    "has_star": true,
    "has_vat": false,
    "price_theme": "white_red",
    "variants_have_different_prices": false,
    "base_price_text": "1 kg = 4.95",
    "base_price_prefix": false,
    "packaging_text": "200 g",
    "discount_deleted_price": 1.39,
    "discount_text": "- 28 %",
    "discount_percentage": 28,
    "discount_has_star": false,
    "show_discount": true,
    "show_percentage": true,
    "from_recommended_price": false,
    "availability_indicator": 0,
    "online_available": false,
    "min_orderable_quantity": 1,
    "orderable_quantities": [],
    "badge_texts": [
      "V trgovini od 03.07. do 09.07."
    ],
    "badge_types": [
      "IN_STORE_PAST_DATE_RANGE"
    ],
    "main_image": "https://imgproxy-retcat.assets.schwarz/PgRF_eyWjF52vNvu0XIVkhXISp9HqVXCkWhf2G9FVyQ/sm:1/w:427/h:320/cz/M6Ly9wcm9kLWNhd/GFsb2ctbWVkaWEvc2kvMS82MjVFQkNENjBCQkNBNjFBRTI1NkRBOTd/CRUZCM0I5QTJCREM2RjFGMTk4NjNBQjk3QjAzRkQ3REU4NDY5OUI3LmpwZw.jpg",
    "image_list": [
      "https://imgproxy-retcat.assets.schwarz/PgRF_eyWjF52vNvu0XIVkhXISp9HqVXCkWhf2G9FVyQ/sm:1/w:427/h:320/cz/M6Ly9wcm9kLWNhd/GFsb2ctbWVkaWEvc2kvMS82MjVFQkNENjBCQkNBNjFBRTI1NkRBOTd/CRUZCM0I5QTJCREM2RjFGMTk4NjNBQjk3QjAzRkQ3REU4NDY5OUI3LmpwZw.jpg",
      "https://imgproxy-retcat.assets.schwarz/qwpI3u_QStiuqbKyL20hWVnmkEdr-EKsjdHzw-b4pvQ/sm:1/w:427/h:320/cz/M6Ly9wcm9kLWNhd/GFsb2ctbWVkaWEvc2kvMS80NTlCNTkwQTQzQjYzOUU5Q0Q0MjM4NzB/DMTg0MTY5MTlFOUQ1MzQyRTEzMDI4Q0Y4QkE5QjJCNjM5NDg4QTk2LmpwZw.jpg",
      "https://imgproxy-retcat.assets.schwarz/8GGeDdEkLJRfcTc1SkwELwSvxAVJ4WGid1d0LkRjQEo/sm:1/w:427/h:320/cz/M6Ly9wcm9kLWNhd/GFsb2ctbWVkaWEvc2kvMS83OEFENTI5QTA0MTk2MjY4OTk2RkUxMjU/xOUE1RjZFQzJBNDI4N0I4RTc3N0ZCM0NCMEMyMUIzREIxQjg0MzBFLmpwZw.jpg"
    ],
    "image_accessibility": "Dve vrečki arašidov Alpino Crunchi, ena rdeča, ena rumena.",
    "detailed_images": [
      {
        "url": "https://imgproxy-retcat.assets.schwarz/PgRF_eyWjF52vNvu0XIVkhXISp9HqVXCkWhf2G9FVyQ/sm:1/w:427/h:320/cz/M6Ly9wcm9kLWNhd/GFsb2ctbWVkaWEvc2kvMS82MjVFQkNENjBCQkNBNjFBRTI1NkRBOTd/CRUZCM0I5QTJCREM2RjFGMTk4NjNBQjk3QjAzRkQ3REU4NDY5OUI3LmpwZw.jpg",
        "accessibility": "Dve vrečki arašidov Alpino Crunchi, ena rdeča, ena rumena."
      },
      {
        "url": "https://imgproxy-retcat.assets.schwarz/qwpI3u_QStiuqbKyL20hWVnmkEdr-EKsjdHzw-b4pvQ/sm:1/w:427/h:320/cz/M6Ly9wcm9kLWNhd/GFsb2ctbWVkaWEvc2kvMS80NTlCNTkwQTQzQjYzOUU5Q0Q0MjM4NzB/DMTg0MTY5MTlFOUQ1MzQyRTEzMDI4Q0Y4QkE5QjJCNjM5NDg4QTk2LmpwZw.jpg",
        "accessibility": "Pakiranje Alesto Crupies mešanih oreščkov."
      },
      {
        "url": "https://imgproxy-retcat.assets.schwarz/8GGeDdEkLJRfcTc1SkwELwSvxAVJ4WGid1d0LkRjQEo/sm:1/w:427/h:320/cz/M6Ly9wcm9kLWNhd/GFsb2ctbWVkaWEvc2kvMS83OEFENTI5QTA0MTk2MjY4OTk2RkUxMjU/xOUE1RjZFQzJBNDI4N0I4RTc3N0ZCM0NCMEMyMUIzREIxQjg0MzBFLmpwZw.jpg",
        "accessibility": "Pakiranje Alesto Crunpies arašidov."
      }
    ],
    "analytics_category": "Food",
    "more_details": "Dodatne podrobnosti o izdelku",
    "won_category_primary": "Svetovi potreb/Hrana in bližnja hrana/Prigrizki in slaščice",
    "won_category_primary_path": "0/17/1721",
    "canonical_path": "/p/alesto-oblozeni-arasidi/p10082008",
    "canonical_url": "/p/alesto-oblozeni-arasidi/p10082008",
    "awards": [],
    "seals": [],
    "ribbons": [],
    "highlighted_seals": 0,
    "lidl_plus": [],
    "regions": [],
    "ians": [
      "22808"
    ],
    "show_brand": true,
    "deal_of_day_active": false,
    "full_title_meta": "ALESTO Obloženi arašidi",
    "lists": [
      4986
    ],
    "preview": false,
    "category_breadcrumbs": [
      {
        "id": "10068374",
        "name": "Hrana in pijača",
        "url": "/c/hrana-in-pijaca/s10068374",
        "hidden": false
      },
      {
        "id": "10071044",
        "name": "Prigrizki in sladkarije",
        "url": "/h/prigrizki-in-sladkarije/h10071044",
        "hidden": false
      }
    ],
    "campaigns": [
      {
        "id": "Current_Sales_Week",
        "name": "Ta teden",
        "url": null,
        "hidden": false
      },
      {
        "id": "10074808",
        "name": "Tvoja Lidl cena",
        "url": "/c/tvoja-lidl-cena/a10074808",
        "hidden": false
      }
    ],
    "world_of_needs_code": "1721",
    "world_of_needs_name": "Prigrizki in slaščice",
    "world_of_needs_parent": "17",
    "is_main_category": true,
    "super_categories": [
      {
        "code": "17",
        "name": "Hrana in bližnja hrana",
        "parent": "0"
      },
      {
        "code": "0",
        "name": "Svetovi potreb",
        "parent": ""
      }
    ],
    "position": 30,
    "tracking_payload": {
      "searchTrackingMasterId": "Product.10082008",
      "searchTrackingTitle": "Oblo%C5%BEeni+ara%C5%A1idi",
      "searchTrackingPageSize": 100,
      "searchTrackingPage": 1,
      "searchTrackingEvent": "click",
      "list": "search",
      "searchTrackingId": "Product.10082008",
      "searchTrackingOrigPos": 1,
      "searchTrackingPos": 30,
      "searchTrackingOrigPageSize": 100,
      "searchTrackingChannel": "SI",
      "category": "Food"
    }
  },
  {
    "code": "10082839",
    "name": "Rogljiček z nugatovo kremo",
    "url": "",
    "result_class": "product",
    "type": "product",
    "product_id": 10082839,
    "erp_number": "10082839",
    "item_id": 10082839,
    "full_title": "Rogljiček z nugatovo kremo",
    "title": "Rogljiček z nugatovo kremo",
    "category": "Food",
    "product_type": "RETAIL",
    "age_restriction": false,
    "is_used_product": false,
    "multipack": false,
    "online": false,
    "store": false,
    "quick_add_to_cart": false,
    "flash_sales": false,
    "having_videos": false,
    "having_threesixty": false,
    "price": 0.59,
    "old_price": 0.75,
    "currency_code": "EUR",
    "currency_symbol": "€",
    "has_star": true,
    "has_vat": false,
    "price_theme": "white_red",
    "variants_have_different_prices": false,
    "base_price_text": "1 kg = 6.94",
    "base_price_prefix": false,
    "packaging_text": "85 g",
    "discount_deleted_price": 0.75,
    "discount_text": "- 21 %",
    "discount_percentage": 21,
    "discount_has_star": false,
    "show_discount": true,
    "show_percentage": true,
    "from_recommended_price": false,
    "availability_indicator": 0,
    "online_available": false,
    "min_orderable_quantity": 1,
    "orderable_quantities": [],
    "badge_texts": [
      "V trgovini od 14.07. do 16.07."
    ],
    "badge_types": [
      "IN_STORE_FROM_FUTURE_DATE_RANGE"
    ],
    "main_image": "https://imgproxy-retcat.assets.schwarz/dvxscnv76hR1CltMoAj9tlAiASNN8Oi157rDrfuS68I/sm:1/w:427/h:320/cz/M6Ly9wcm9kLWNhd/GFsb2ctbWVkaWEvc2kvMS8xNzgxNDIzRjIwMDQ5NzFCMDlGM0VCNjA/5QzEyRjU0MTRCRkVFQUYwRTYyN0I2NUJFOUEwMTBDMzA2QjcyRTMwLmpwZw.jpg",
    "image_list": [
      "https://imgproxy-retcat.assets.schwarz/dvxscnv76hR1CltMoAj9tlAiASNN8Oi157rDrfuS68I/sm:1/w:427/h:320/cz/M6Ly9wcm9kLWNhd/GFsb2ctbWVkaWEvc2kvMS8xNzgxNDIzRjIwMDQ5NzFCMDlGM0VCNjA/5QzEyRjU0MTRCRkVFQUYwRTYyN0I2NUJFOUEwMTBDMzA2QjcyRTMwLmpwZw.jpg"
    ],
    "image_accessibility": "Košarica s štirimi rogljički, dva sta polnjena s čokolado.",
    "detailed_images": [
      {
        "url": "https://imgproxy-retcat.assets.schwarz/dvxscnv76hR1CltMoAj9tlAiASNN8Oi157rDrfuS68I/sm:1/w:427/h:320/cz/M6Ly9wcm9kLWNhd/GFsb2ctbWVkaWEvc2kvMS8xNzgxNDIzRjIwMDQ5NzFCMDlGM0VCNjA/5QzEyRjU0MTRCRkVFQUYwRTYyN0I2NUJFOUEwMTBDMzA2QjcyRTMwLmpwZw.jpg",
        "accessibility": "Košarica s štirimi rogljički, dva sta polnjena s čokolado."
      }
    ],
    "analytics_category": "Food",
    "more_details": "Dodatne podrobnosti o izdelku",
    "won_category_primary": "Svetovi potreb/Hrana in bližnja hrana/Kruh in pekovsko pecivo",
    "won_category_primary_path": "0/17/1713",
    "canonical_path": "/p/rogljicek-z-nugatovo-kremo/p10082839",
    "canonical_url": "/p/rogljicek-z-nugatovo-kremo/p10082839",
    "awards": [],
    "seals": [],
    "ribbons": [],
    "highlighted_seals": 0,
    "lidl_plus": [],
    "regions": [],
    "ians": [
      "227543"
    ],
    "show_brand": false,
    "deal_of_day_active": false,
    "full_title_meta": "Rogljiček z nugatovo kremo",
    "lists": [
      4991
    ],
    "preview": false,
    "category_breadcrumbs": [
      {
        "id": "10068374",
        "name": "Hrana in pijača",
        "url": "/c/hrana-in-pijaca/s10068374",
        "hidden": false
      },
      {
        "id": "10071015",
        "name": "Kruh in pekovski izdelki",
        "url": "/h/kruh-in-pekovski-izdelki/h10071015",
        "hidden": false
      }
    ],
    "campaigns": [
      {
        "id": "Next_Sales_Week",
        "name": "Naslednji teden",
        "url": null,
        "hidden": false
      },
      {
        "id": "10075264",
        "name": "Tvoja Lidl cena",
        "url": "/c/tvoja-lidl-cena/a10075264",
        "hidden": false
      }
    ],
    "world_of_needs_code": "1713",
    "world_of_needs_name": "Kruh in pekovsko pecivo",
    "world_of_needs_parent": "17",
    "is_main_category": true,
    "super_categories": [
      {
        "code": "17",
        "name": "Hrana in bližnja hrana",
        "parent": "0"
      },
      {
        "code": "0",
        "name": "Svetovi potreb",
        "parent": ""
      }
    ],
    "position": 31,
    "tracking_payload": {
      "searchTrackingMasterId": "Product.10082839",
      "searchTrackingTitle": "Roglji%C4%8Dek+z+nugatovo+kremo",
      "searchTrackingPageSize": 100,
      "searchTrackingPage": 1,
      "searchTrackingEvent": "click",
      "list": "search",
      "searchTrackingId": "Product.10082839",
      "searchTrackingOrigPos": 1,
      "searchTrackingPos": 31,
      "searchTrackingOrigPageSize": 100,
      "searchTrackingChannel": "SI",
      "category": "Food"
    }
  },
  {
    "code": "10064099",
    "name": "Sveže piščančje meso v kockah",
    "url": "",
    "result_class": "product",
    "type": "product",
    "product_id": 10064099,
    "erp_number": "10064099",
    "item_id": 10064099,
    "full_title": "NAŠE NAM PAŠE Sveže piščančje meso v kockah",
    "title": "Sveže piščančje meso v kockah",
    "category": "Food",
    "product_type": "RETAIL",
    "age_restriction": false,
    "is_used_product": false,
    "multipack": false,
    "online": false,
    "store": false,
    "quick_add_to_cart": false,
    "flash_sales": false,
    "having_videos": false,
    "having_threesixty": false,
    "price": 3.59,
    "old_price": 4.59,
    "currency_code": "EUR",
    "currency_symbol": "€",
    "has_star": true,
    "has_vat": false,
    "price_theme": "white_red",
    "variants_have_different_prices": false,
    "base_price_text": "1 kg = 8.98",
    "base_price_prefix": false,
    "packaging_text": "400 g",
    "discount_deleted_price": 4.59,
    "discount_text": "- 21 %",
    "discount_percentage": 21,
    "discount_has_star": false,
    "show_discount": true,
    "show_percentage": true,
    "from_recommended_price": false,
    "availability_indicator": 0,
    "online_available": false,
    "min_orderable_quantity": 1,
    "orderable_quantities": [],
    "badge_texts": [
      "V trgovini od 14.07. do 16.07."
    ],
    "badge_types": [
      "IN_STORE_FROM_FUTURE_DATE_RANGE"
    ],
    "main_image": "https://imgproxy-retcat.assets.schwarz/2C4wgVzXDvmmAJEHJByDWxwTPnjyxRlkVdmg92Gc_BE/sm:1/w:427/h:320/cz/M6Ly9wcm9kLWNhd/GFsb2ctbWVkaWEvc2kvMS9CQTExRjJBQUJFNkQxMkZGRUFDQkU1RUZ/CODcyRjJBODQyRDY4OUVBREFBOUM4RDc3NDJDN0MwNzMzQTY3NTIwLmpwZw.jpg",
    "image_list": [
      "https://imgproxy-retcat.assets.schwarz/2C4wgVzXDvmmAJEHJByDWxwTPnjyxRlkVdmg92Gc_BE/sm:1/w:427/h:320/cz/M6Ly9wcm9kLWNhd/GFsb2ctbWVkaWEvc2kvMS9CQTExRjJBQUJFNkQxMkZGRUFDQkU1RUZ/CODcyRjJBODQyRDY4OUVBREFBOUM4RDc3NDJDN0MwNzMzQTY3NTIwLmpwZw.jpg"
    ],
    "image_accessibility": "Piščančje meso v kockah Naše nam pase, 400g.",
    "detailed_images": [
      {
        "url": "https://imgproxy-retcat.assets.schwarz/2C4wgVzXDvmmAJEHJByDWxwTPnjyxRlkVdmg92Gc_BE/sm:1/w:427/h:320/cz/M6Ly9wcm9kLWNhd/GFsb2ctbWVkaWEvc2kvMS9CQTExRjJBQUJFNkQxMkZGRUFDQkU1RUZ/CODcyRjJBODQyRDY4OUVBREFBOUM4RDc3NDJDN0MwNzMzQTY3NTIwLmpwZw.jpg",
        "accessibility": "Piščančje meso v kockah Naše nam pase, 400g."
      }
    ],
    "analytics_category": "Food",
    "more_details": "Dodatne podrobnosti o izdelku",
    "won_category_primary": "Svetovi potreb/Hrana in bližnja hrana/Klobase in meso",
    "won_category_primary_path": "0/17/1717",
    "canonical_path": "/p/nase-nam-pase-sveze-piscancje-meso-v-kockah/p10064099",
    "canonical_url": "/p/nase-nam-pase-sveze-piscancje-meso-v-kockah/p10064099",
    "awards": [],
    "seals": [
      {
        "altText": "Nalepka: IZBRANA KAKOVOST, dva diamanti",
        "image": "https://imgproxy-retcat.assets.schwarz/wtd5_GfhfuyCgNwAfOv49gnGT4Rn6TY8NjywUVGixAk/sm:1/w:140/cz/M6Ly9wcm9kLWNhd/GFsb2ctbWVkaWEvc2kvMi9ERjg3RTE1MjgwMUFGRjI2RTRDNEZCMTc/zMkQ1NjRFODNBNzZEN0IxNUQ5MDY2Q0U4RDAxMEY5MTUzMzkyQjRCLnBuZw.png"
      }
    ],
    "ribbons": [],
    "highlighted_seals": 0,
    "lidl_plus": [],
    "regions": [],
    "ians": [
      "7302697"
    ],
    "show_brand": true,
    "deal_of_day_active": false,
    "full_title_meta": "NAŠE NAM PAŠE Sveže piščančje meso v kockah",
    "lists": [
      4991
    ],
    "preview": false,
    "category_breadcrumbs": [
      {
        "id": "10068374",
        "name": "Hrana in pijača",
        "url": "/c/hrana-in-pijaca/s10068374",
        "hidden": false
      },
      {
        "id": "10071016",
        "name": "Meso in mesni izdelki",
        "url": "/h/meso-in-mesni-izdelki/h10071016",
        "hidden": false
      }
    ],
    "campaigns": [
      {
        "id": "Next_Sales_Week",
        "name": "Naslednji teden",
        "url": null,
        "hidden": false
      },
      {
        "id": "10075264",
        "name": "Tvoja Lidl cena",
        "url": "/c/tvoja-lidl-cena/a10075264",
        "hidden": false
      }
    ],
    "world_of_needs_code": "1717",
    "world_of_needs_name": "Klobase in meso",
    "world_of_needs_parent": "17",
    "is_main_category": true,
    "super_categories": [
      {
        "code": "17",
        "name": "Hrana in bližnja hrana",
        "parent": "0"
      },
      {
        "code": "0",
        "name": "Svetovi potreb",
        "parent": ""
      }
    ],
    "position": 32,
    "tracking_payload": {
      "searchTrackingMasterId": "Product.10064099",
      "searchTrackingTitle": "Sve%C5%BEe+pi%C5%A1%C4%8Dan%C4%8Dje+meso+v+kockah",
      "searchTrackingPageSize": 100,
      "searchTrackingPage": 1,
      "searchTrackingEvent": "click",
      "list": "search",
      "searchTrackingId": "Product.10064099",
      "searchTrackingOrigPos": 1,
      "searchTrackingPos": 32,
      "searchTrackingOrigPageSize": 100,
      "searchTrackingChannel": "SI",
      "category": "Food"
    }
  },
  {
    "code": "10074580",
    "name": "Svež piščančji mini file",
    "url": "",
    "result_class": "product",
    "type": "product",
    "product_id": 10074580,
    "erp_number": "10074580",
    "item_id": 10074580,
    "full_title": "ŽAR LEGENDE Svež piščančji mini file",
    "title": "Svež piščančji mini file",
    "category": "Food",
    "product_type": "RETAIL",
    "age_restriction": false,
    "is_used_product": false,
    "multipack": false,
    "online": false,
    "store": false,
    "quick_add_to_cart": false,
    "flash_sales": false,
    "having_videos": false,
    "having_threesixty": false,
    "price": 3.49,
    "old_price": 4.45,
    "currency_code": "EUR",
    "currency_symbol": "€",
    "has_star": true,
    "has_vat": false,
    "price_theme": "white_red",
    "variants_have_different_prices": false,
    "base_price_text": "1 kg = 6.98",
    "base_price_prefix": false,
    "packaging_text": "500 g",
    "discount_deleted_price": 4.45,
    "discount_text": "- 21 %",
    "discount_percentage": 21,
    "discount_has_star": false,
    "show_discount": true,
    "show_percentage": true,
    "from_recommended_price": false,
    "availability_indicator": 0,
    "online_available": false,
    "min_orderable_quantity": 1,
    "orderable_quantities": [],
    "badge_texts": [
      "V trgovini od 10.07. do 16.07."
    ],
    "badge_types": [
      "IN_STORE_FROM_FUTURE_DATE_RANGE"
    ],
    "main_image": "https://imgproxy-retcat.assets.schwarz/iVcx0FzvdDQJK8LaUrua7crR_oJxSmnv4_7To6e7F1s/sm:1/w:427/h:320/cz/M6Ly9wcm9kLWNhd/GFsb2ctbWVkaWEvc2kvMS8yQjY3NkRBMTk1MzYzNkFDMkE3RURGNzU/0MDFGQzAzNjc4QkMxNkNDQTU2NDY1NzJDODBCRDgyNDAyNDZCMjZELmpwZw.jpg",
    "image_list": [
      "https://imgproxy-retcat.assets.schwarz/iVcx0FzvdDQJK8LaUrua7crR_oJxSmnv4_7To6e7F1s/sm:1/w:427/h:320/cz/M6Ly9wcm9kLWNhd/GFsb2ctbWVkaWEvc2kvMS8yQjY3NkRBMTk1MzYzNkFDMkE3RURGNzU/0MDFGQzAzNjc4QkMxNkNDQTU2NDY1NzJDODBCRDgyNDAyNDZCMjZELmpwZw.jpg"
    ],
    "image_accessibility": "Zare Legende marinirani mini fileji piščanca v žaru.",
    "detailed_images": [
      {
        "url": "https://imgproxy-retcat.assets.schwarz/iVcx0FzvdDQJK8LaUrua7crR_oJxSmnv4_7To6e7F1s/sm:1/w:427/h:320/cz/M6Ly9wcm9kLWNhd/GFsb2ctbWVkaWEvc2kvMS8yQjY3NkRBMTk1MzYzNkFDMkE3RURGNzU/0MDFGQzAzNjc4QkMxNkNDQTU2NDY1NzJDODBCRDgyNDAyNDZCMjZELmpwZw.jpg",
        "accessibility": "Zare Legende marinirani mini fileji piščanca v žaru."
      }
    ],
    "analytics_category": "Food",
    "more_details": "Dodatne podrobnosti o izdelku",
    "won_category_primary": "Svetovi potreb/Hrana in bližnja hrana/Klobase in meso",
    "won_category_primary_path": "0/17/1717",
    "canonical_path": "/p/zar-legende-svez-piscancji-mini-file/p10074580",
    "canonical_url": "/p/zar-legende-svez-piscancji-mini-file/p10074580",
    "awards": [],
    "seals": [
      {
        "altText": "Nalepka: IZBRANA KAKOVOST, dva diamanti",
        "image": "https://imgproxy-retcat.assets.schwarz/wtd5_GfhfuyCgNwAfOv49gnGT4Rn6TY8NjywUVGixAk/sm:1/w:140/cz/M6Ly9wcm9kLWNhd/GFsb2ctbWVkaWEvc2kvMi9ERjg3RTE1MjgwMUFGRjI2RTRDNEZCMTc/zMkQ1NjRFODNBNzZEN0IxNUQ5MDY2Q0U4RDAxMEY5MTUzMzkyQjRCLnBuZw.png"
      }
    ],
    "ribbons": [],
    "highlighted_seals": 0,
    "lidl_plus": [],
    "regions": [],
    "ians": [
      "7307095"
    ],
    "show_brand": true,
    "deal_of_day_active": false,
    "full_title_meta": "ŽAR LEGENDE Svež piščančji mini file",
    "lists": [
      4991
    ],
    "preview": false,
    "category_breadcrumbs": [
      {
        "id": "10068374",
        "name": "Hrana in pijača",
        "url": "/c/hrana-in-pijaca/s10068374",
        "hidden": false
      },
      {
        "id": "10071016",
        "name": "Meso in mesni izdelki",
        "url": "/h/meso-in-mesni-izdelki/h10071016",
        "hidden": false
      }
    ],
    "campaigns": [
      {
        "id": "Current_Sales_Week",
        "name": "Ta teden",
        "url": null,
        "hidden": false
      },
      {
        "id": "10075258",
        "name": "Tvoja Lidl cena",
        "url": "/c/tvoja-lidl-cena/a10075258",
        "hidden": false
      }
    ],
    "world_of_needs_code": "1717",
    "world_of_needs_name": "Klobase in meso",
    "world_of_needs_parent": "17",
    "is_main_category": true,
    "super_categories": [
      {
        "code": "17",
        "name": "Hrana in bližnja hrana",
        "parent": "0"
      },
      {
        "code": "0",
        "name": "Svetovi potreb",
        "parent": ""
      }
    ],
    "position": 33,
    "tracking_payload": {
      "searchTrackingMasterId": "Product.10074580",
      "searchTrackingTitle": "Sve%C5%BE+pi%C5%A1%C4%8Dan%C4%8Dji+mini+file",
      "searchTrackingPageSize": 100,
      "searchTrackingPage": 1,
      "searchTrackingEvent": "click",
      "list": "search",
      "searchTrackingId": "Product.10074580",
      "searchTrackingOrigPos": 1,
      "searchTrackingPos": 33,
      "searchTrackingOrigPageSize": 100,
      "searchTrackingChannel": "SI",
      "category": "Food"
    }
  },
  {
    "code": "10082473",
    "name": "Sveži svinjski zrezki",
    "url": "",
    "result_class": "product",
    "type": "product",
    "product_id": 10082473,
    "erp_number": "10082473",
    "item_id": 10082473,
    "full_title": "SVEŽE MESO Sveži svinjski zrezki",
    "title": "Sveži svinjski zrezki",
    "category": "Food",
    "product_type": "RETAIL",
    "age_restriction": false,
    "is_used_product": false,
    "multipack": false,
    "online": false,
    "store": false,
    "quick_add_to_cart": false,
    "flash_sales": false,
    "having_videos": false,
    "having_threesixty": false,
    "price": 2.89,
    "old_price": 3.69,
    "currency_code": "EUR",
    "currency_symbol": "€",
    "has_star": true,
    "has_vat": false,
    "price_theme": "white_red",
    "variants_have_different_prices": false,
    "base_price_text": "1 kg = 5.78",
    "base_price_prefix": false,
    "packaging_text": "500 g",
    "discount_deleted_price": 3.69,
    "discount_text": "- 21 %",
    "discount_percentage": 21,
    "discount_has_star": false,
    "show_discount": true,
    "show_percentage": true,
    "from_recommended_price": false,
    "availability_indicator": 0,
    "online_available": false,
    "min_orderable_quantity": 1,
    "orderable_quantities": [],
    "badge_texts": [
      "V trgovini od 10.07. do 16.07."
    ],
    "badge_types": [
      "IN_STORE_FROM_FUTURE_DATE_RANGE"
    ],
    "main_image": "https://imgproxy-retcat.assets.schwarz/_ZcGA2HMANZqJMzqNAKrdRApjEqxpAeQoTV9NZ5WB1I/sm:1/w:427/h:320/cz/M6Ly9wcm9kLWNhd/GFsb2ctbWVkaWEvc2kvMS85QjA2QjdCRjczQjVEMUVCNjlFOTgyN0Y/wREFEODE1NjdFNkFCRURCRTk0RDhFNDdEMDI3ODExN0I3ODhFODA2LmpwZw.jpg",
    "image_list": [
      "https://imgproxy-retcat.assets.schwarz/_ZcGA2HMANZqJMzqNAKrdRApjEqxpAeQoTV9NZ5WB1I/sm:1/w:427/h:320/cz/M6Ly9wcm9kLWNhd/GFsb2ctbWVkaWEvc2kvMS85QjA2QjdCRjczQjVEMUVCNjlFOTgyN0Y/wREFEODE1NjdFNkFCRURCRTk0RDhFNDdEMDI3ODExN0I3ODhFODA2LmpwZw.jpg"
    ],
    "image_accessibility": "Paket štirih svinjskih zrezkov Simply Meat.",
    "detailed_images": [
      {
        "url": "https://imgproxy-retcat.assets.schwarz/_ZcGA2HMANZqJMzqNAKrdRApjEqxpAeQoTV9NZ5WB1I/sm:1/w:427/h:320/cz/M6Ly9wcm9kLWNhd/GFsb2ctbWVkaWEvc2kvMS85QjA2QjdCRjczQjVEMUVCNjlFOTgyN0Y/wREFEODE1NjdFNkFCRURCRTk0RDhFNDdEMDI3ODExN0I3ODhFODA2LmpwZw.jpg",
        "accessibility": "Paket štirih svinjskih zrezkov Simply Meat."
      }
    ],
    "analytics_category": "Food",
    "more_details": "Dodatne podrobnosti o izdelku",
    "won_category_primary": "Svetovi potreb/Hrana in bližnja hrana/Klobase in meso",
    "won_category_primary_path": "0/17/1717",
    "canonical_path": "/p/sveze-meso-svezi-svinjski-zrezki/p10082473",
    "canonical_url": "/p/sveze-meso-svezi-svinjski-zrezki/p10082473",
    "awards": [],
    "seals": [],
    "ribbons": [],
    "highlighted_seals": 0,
    "lidl_plus": [],
    "regions": [],
    "ians": [
      "7301468"
    ],
    "show_brand": true,
    "deal_of_day_active": false,
    "full_title_meta": "SVEŽE MESO Sveži svinjski zrezki",
    "lists": [
      4991
    ],
    "preview": false,
    "category_breadcrumbs": [
      {
        "id": "10068374",
        "name": "Hrana in pijača",
        "url": "/c/hrana-in-pijaca/s10068374",
        "hidden": false
      },
      {
        "id": "10071016",
        "name": "Meso in mesni izdelki",
        "url": "/h/meso-in-mesni-izdelki/h10071016",
        "hidden": false
      }
    ],
    "campaigns": [
      {
        "id": "Current_Sales_Week",
        "name": "Ta teden",
        "url": null,
        "hidden": false
      },
      {
        "id": "10075258",
        "name": "Tvoja Lidl cena",
        "url": "/c/tvoja-lidl-cena/a10075258",
        "hidden": false
      }
    ],
    "world_of_needs_code": "1717",
    "world_of_needs_name": "Klobase in meso",
    "world_of_needs_parent": "17",
    "is_main_category": true,
    "super_categories": [
      {
        "code": "17",
        "name": "Hrana in bližnja hrana",
        "parent": "0"
      },
      {
        "code": "0",
        "name": "Svetovi potreb",
        "parent": ""
      }
    ],
    "position": 34,
    "tracking_payload": {
      "searchTrackingMasterId": "Product.10082473",
      "searchTrackingTitle": "Sve%C5%BEi+svinjski+zrezki",
      "searchTrackingPageSize": 100,
      "searchTrackingPage": 1,
      "searchTrackingEvent": "click",
      "list": "search",
      "searchTrackingId": "Product.10082473",
      "searchTrackingOrigPos": 1,
      "searchTrackingPos": 34,
      "searchTrackingOrigPageSize": 100,
      "searchTrackingChannel": "SI",
      "category": "Food"
    }
  },
  {
    "code": "10082000",
    "name": "Koruzni kosmiči",
    "url": "",
    "result_class": "product",
    "type": "product",
    "product_id": 10082000,
    "erp_number": "10082000",
    "item_id": 10082000,
    "full_title": "CROWNFIELD Koruzni kosmiči",
    "title": "Koruzni kosmiči",
    "category": "Food",
    "product_type": "RETAIL",
    "age_restriction": false,
    "is_used_product": false,
    "multipack": false,
    "online": false,
    "store": true,
    "quick_add_to_cart": false,
    "flash_sales": false,
    "having_videos": false,
    "having_threesixty": false,
    "price": 0.99,
    "old_price": 1.37,
    "currency_code": "EUR",
    "currency_symbol": "€",
    "has_star": true,
    "has_vat": false,
    "price_theme": "white_red",
    "variants_have_different_prices": false,
    "base_price_text": "1 kg = 1.98",
    "base_price_prefix": false,
    "packaging_text": "500 g",
    "discount_deleted_price": 1.37,
    "discount_text": "- 27 %",
    "discount_percentage": 27,
    "discount_has_star": false,
    "show_discount": true,
    "show_percentage": true,
    "from_recommended_price": false,
    "availability_indicator": 0,
    "online_available": false,
    "min_orderable_quantity": 1,
    "orderable_quantities": [],
    "badge_texts": [
      "V trgovini od 03.07. do 09.07."
    ],
    "badge_types": [
      "IN_STORE_PAST_DATE_RANGE"
    ],
    "main_image": "https://imgproxy-retcat.assets.schwarz/p58Omwo35j6yMKTGfDzXnOhrAODLxJmvO4mQ31OJh-s/sm:1/w:427/h:320/cz/M6Ly9wcm9kLWNhd/GFsb2ctbWVkaWEvc2kvMS8wMDYyNTM0QzBDQ0I0RkJERUYzRjc5RDl/BRjk3RDhGQkE3MUNCNTk4RkEyM0IyOEUxRUJBRDIzMDFFNDM3M0M4LmpwZw.jpg",
    "image_list": [
      "https://imgproxy-retcat.assets.schwarz/p58Omwo35j6yMKTGfDzXnOhrAODLxJmvO4mQ31OJh-s/sm:1/w:427/h:320/cz/M6Ly9wcm9kLWNhd/GFsb2ctbWVkaWEvc2kvMS8wMDYyNTM0QzBDQ0I0RkJERUYzRjc5RDl/BRjk3RDhGQkE3MUNCNTk4RkEyM0IyOEUxRUJBRDIzMDFFNDM3M0M4LmpwZw.jpg"
    ],
    "image_accessibility": "Pakiranje koruznih kosmičev.",
    "detailed_images": [
      {
        "url": "https://imgproxy-retcat.assets.schwarz/p58Omwo35j6yMKTGfDzXnOhrAODLxJmvO4mQ31OJh-s/sm:1/w:427/h:320/cz/M6Ly9wcm9kLWNhd/GFsb2ctbWVkaWEvc2kvMS8wMDYyNTM0QzBDQ0I0RkJERUYzRjc5RDl/BRjk3RDhGQkE3MUNCNTk4RkEyM0IyOEUxRUJBRDIzMDFFNDM3M0M4LmpwZw.jpg",
        "accessibility": "Pakiranje koruznih kosmičev."
      }
    ],
    "analytics_category": "Food",
    "more_details": "Dodatne podrobnosti o izdelku",
    "won_category_primary": "Svetovi potreb/Hrana in bližnja hrana/Prigrizki in slaščice",
    "won_category_primary_path": "0/17/1721",
    "canonical_path": "/p/crownfield-koruzni-kosmici/p10082000",
    "canonical_url": "/p/crownfield-koruzni-kosmici/p10082000",
    "awards": [],
    "seals": [
      {
        "altText": "Veganski znak V-Label International.",
        "image": "https://imgproxy-retcat.assets.schwarz/ISLamvPk8hk69l-VadCrdVW2krGoAe5YiNwWvgfLhC8/sm:1/w:140/cz/M6Ly9wcm9kLWNhd/GFsb2ctbWVkaWEvc2kvMi9BRDRDNEYxMzQwRDI3OTU2NEY5NzNFN0M/3M0UzQjk3ODM5OEQ5QTAxRTlDREVEOEY4MjRBRjBCNTBCMzI1M0EzLnBuZw.png"
      }
    ],
    "ribbons": [],
    "highlighted_seals": 0,
    "lidl_plus": [],
    "regions": [],
    "ians": [
      "2187"
    ],
    "show_brand": true,
    "deal_of_day_active": false,
    "full_title_meta": "CROWNFIELD Koruzni kosmiči",
    "lists": [
      4986
    ],
    "preview": false,
    "category_breadcrumbs": [
      {
        "id": "10068374",
        "name": "Hrana in pijača",
        "url": "/c/hrana-in-pijaca/s10068374",
        "hidden": false
      },
      {
        "id": "10071044",
        "name": "Prigrizki in sladkarije",
        "url": "/h/prigrizki-in-sladkarije/h10071044",
        "hidden": false
      }
    ],
    "campaigns": [
      {
        "id": "Current_Sales_Week",
        "name": "Ta teden",
        "url": null,
        "hidden": false
      },
      {
        "id": "10074808",
        "name": "Tvoja Lidl cena",
        "url": "/c/tvoja-lidl-cena/a10074808",
        "hidden": false
      }
    ],
    "world_of_needs_code": "1721",
    "world_of_needs_name": "Prigrizki in slaščice",
    "world_of_needs_parent": "17",
    "is_main_category": true,
    "super_categories": [
      {
        "code": "17",
        "name": "Hrana in bližnja hrana",
        "parent": "0"
      },
      {
        "code": "0",
        "name": "Svetovi potreb",
        "parent": ""
      }
    ],
    "position": 35,
    "tracking_payload": {
      "searchTrackingMasterId": "Product.10082000",
      "searchTrackingTitle": "Koruzni+kosmi%C4%8Di",
      "searchTrackingPageSize": 100,
      "searchTrackingPage": 1,
      "searchTrackingEvent": "click",
      "list": "search",
      "searchTrackingId": "Product.10082000",
      "searchTrackingOrigPos": 1,
      "searchTrackingPos": 35,
      "searchTrackingOrigPageSize": 100,
      "searchTrackingChannel": "SI",
      "category": "Food"
    }
  },
  {
    "code": "10041472",
    "name": "Sadni sladoled",
    "url": "",
    "result_class": "product",
    "type": "product",
    "product_id": 10041472,
    "erp_number": "10041472",
    "item_id": 10041472,
    "full_title": "GELATELLI Sadni sladoled",
    "title": "Sadni sladoled",
    "category": "Food",
    "product_type": "RETAIL",
    "age_restriction": false,
    "is_used_product": false,
    "multipack": false,
    "online": false,
    "store": false,
    "quick_add_to_cart": false,
    "flash_sales": false,
    "having_videos": false,
    "having_threesixty": false,
    "price": 2.23,
    "old_price": 2.79,
    "currency_code": "EUR",
    "currency_symbol": "€",
    "has_star": true,
    "has_vat": false,
    "price_theme": "white_red",
    "variants_have_different_prices": false,
    "base_price_text": "1 l = 6.19",
    "base_price_prefix": false,
    "packaging_text": "6 x 60 ml",
    "discount_deleted_price": 2.79,
    "discount_text": "- 20 %",
    "discount_percentage": 20,
    "discount_has_star": false,
    "show_discount": true,
    "show_percentage": true,
    "from_recommended_price": false,
    "availability_indicator": 0,
    "online_available": false,
    "min_orderable_quantity": 1,
    "orderable_quantities": [],
    "badge_texts": [
      "V trgovini od 10.07. do 16.07."
    ],
    "badge_types": [
      "IN_STORE_FROM_FUTURE_DATE_RANGE"
    ],
    "main_image": "https://imgproxy-retcat.assets.schwarz/4GETrMOrobAgopuKHo-AlehygdiTdLFLXQz_TBfHTUQ/sm:1/w:427/h:320/cz/M6Ly9wcm9kLWNhd/GFsb2ctbWVkaWEvc2kvMS9DRjA0QjEyRjRGNkZBMUNGQUI4MDdBQ0I/wNkU0NzU0MDU1M0NBMzk2MTFDRjYzN0UxMkFDM0QyNkUwRURBQzlBLmpwZw.jpg",
    "image_list": [
      "https://imgproxy-retcat.assets.schwarz/4GETrMOrobAgopuKHo-AlehygdiTdLFLXQz_TBfHTUQ/sm:1/w:427/h:320/cz/M6Ly9wcm9kLWNhd/GFsb2ctbWVkaWEvc2kvMS9DRjA0QjEyRjRGNkZBMUNGQUI4MDdBQ0I/wNkU0NzU0MDU1M0NBMzk2MTFDRjYzN0UxMkFDM0QyNkUwRURBQzlBLmpwZw.jpg",
      "https://imgproxy-retcat.assets.schwarz/p-40tmvUk2r7ROW_5qDJ1w66nlkrrzt5TRkhXYZwP1g/sm:1/w:427/h:320/cz/M6Ly9wcm9kLWNhd/GFsb2ctbWVkaWEvc2kvMS8xQ0ZDNDQ0MzE0QUNENkQ4NjJDQzI3NUI/zNDJFN0Y4NjA1NTU0MDRERUU5MjNFNEFDNDhDOTUzQTFFQTRENjk1LmpwZw.jpg",
      "https://imgproxy-retcat.assets.schwarz/3vGxemOX_GSbPW81JBvos7gfwu8Or9hurj_uto64ePw/sm:1/w:427/h:320/cz/M6Ly9wcm9kLWNhd/GFsb2ctbWVkaWEvc2kvMS9DOEYzQ0Q2RjczMEVERkYwMkNCRTA0QUZ/DQzVDNzEwRkU4Nzc4RTcwQzBFQkMyNTg3NTEwQ0M4MjVCODBGQTFCLmpwZw.jpg"
    ],
    "image_accessibility": "Dve embalaži Ginis sladoleda na paličici: malina in jagoda z borovnico.",
    "detailed_images": [
      {
        "url": "https://imgproxy-retcat.assets.schwarz/4GETrMOrobAgopuKHo-AlehygdiTdLFLXQz_TBfHTUQ/sm:1/w:427/h:320/cz/M6Ly9wcm9kLWNhd/GFsb2ctbWVkaWEvc2kvMS9DRjA0QjEyRjRGNkZBMUNGQUI4MDdBQ0I/wNkU0NzU0MDU1M0NBMzk2MTFDRjYzN0UxMkFDM0QyNkUwRURBQzlBLmpwZw.jpg",
        "accessibility": "Dve embalaži Ginis sladoleda na paličici: malina in jagoda z borovnico."
      },
      {
        "url": "https://imgproxy-retcat.assets.schwarz/p-40tmvUk2r7ROW_5qDJ1w66nlkrrzt5TRkhXYZwP1g/sm:1/w:427/h:320/cz/M6Ly9wcm9kLWNhd/GFsb2ctbWVkaWEvc2kvMS8xQ0ZDNDQ0MzE0QUNENkQ4NjJDQzI3NUI/zNDJFN0Y4NjA1NTU0MDRERUU5MjNFNEFDNDhDOTUzQTFFQTRENjk1LmpwZw.jpg",
        "accessibility": "Callisto Peach & Raspberry ledeni sladoled."
      },
      {
        "url": "https://imgproxy-retcat.assets.schwarz/3vGxemOX_GSbPW81JBvos7gfwu8Or9hurj_uto64ePw/sm:1/w:427/h:320/cz/M6Ly9wcm9kLWNhd/GFsb2ctbWVkaWEvc2kvMS9DOEYzQ0Q2RjczMEVERkYwMkNCRTA0QUZ/DQzVDNzEwRkU4Nzc4RTcwQzBFQkMyNTg3NTEwQ0M4MjVCODBGQTFCLmpwZw.jpg",
        "accessibility": "Gibellina palčka iz jagod in borovnic."
      }
    ],
    "analytics_category": "Food",
    "more_details": "Dodatne podrobnosti o izdelku",
    "won_category_primary": "Svetovi potreb/Hrana in bližnja hrana/Zamrznjena hrana (Zamrznjena hrana)",
    "won_category_primary_path": "0/17/1716",
    "canonical_path": "/p/gelatelli-sadni-sladoled/p10041472",
    "canonical_url": "/p/gelatelli-sadni-sladoled/p10041472",
    "awards": [],
    "seals": [],
    "ribbons": [],
    "highlighted_seals": 0,
    "lidl_plus": [],
    "regions": [],
    "ians": [
      "143594"
    ],
    "show_brand": true,
    "deal_of_day_active": false,
    "full_title_meta": "GELATELLI Sadni sladoled",
    "lists": [
      4991
    ],
    "preview": false,
    "category_breadcrumbs": [
      {
        "id": "10068374",
        "name": "Hrana in pijača",
        "url": "/c/hrana-in-pijaca/s10068374",
        "hidden": false
      },
      {
        "id": "10071049",
        "name": "Zamrznjena hrana",
        "url": "/h/zamrznjena-hrana/h10071049",
        "hidden": false
      }
    ],
    "campaigns": [
      {
        "id": "10050939",
        "name": "product-feed-2",
        "url": "/c/product-feed-2/a10050939",
        "hidden": false
      }
    ],
    "world_of_needs_code": "1716",
    "world_of_needs_name": "Zamrznjena hrana (Zamrznjena hrana)",
    "world_of_needs_parent": "17",
    "is_main_category": true,
    "super_categories": [
      {
        "code": "17",
        "name": "Hrana in bližnja hrana",
        "parent": "0"
      },
      {
        "code": "0",
        "name": "Svetovi potreb",
        "parent": ""
      }
    ],
    "position": 36,
    "tracking_payload": {
      "searchTrackingMasterId": "Product.10041472",
      "searchTrackingTitle": "Sadni+sladoled",
      "searchTrackingPageSize": 100,
      "searchTrackingPage": 1,
      "searchTrackingEvent": "click",
      "list": "search",
      "searchTrackingId": "Product.10041472",
      "searchTrackingOrigPos": 1,
      "searchTrackingPos": 36,
      "searchTrackingOrigPageSize": 100,
      "searchTrackingChannel": "SI",
      "category": "Food"
    }
  },
  {
    "code": "10041502",
    "name": "Korneti Supreme",
    "url": "",
    "result_class": "product",
    "type": "product",
    "product_id": 10041502,
    "erp_number": "10041502",
    "item_id": 10041502,
    "full_title": "GELATELLI Korneti Supreme",
    "title": "Korneti Supreme",
    "category": "Food",
    "product_type": "RETAIL",
    "age_restriction": false,
    "is_used_product": false,
    "multipack": false,
    "online": false,
    "store": false,
    "quick_add_to_cart": false,
    "flash_sales": false,
    "having_videos": false,
    "having_threesixty": false,
    "price": 2.39,
    "old_price": 2.99,
    "currency_code": "EUR",
    "currency_symbol": "€",
    "has_star": true,
    "has_vat": false,
    "price_theme": "white_red",
    "variants_have_different_prices": false,
    "base_price_text": "1 l = 3.32",
    "base_price_prefix": false,
    "packaging_text": "6 x 120 ml",
    "discount_deleted_price": 2.99,
    "discount_text": "- 20 %",
    "discount_percentage": 20,
    "discount_has_star": false,
    "show_discount": true,
    "show_percentage": true,
    "from_recommended_price": false,
    "availability_indicator": 0,
    "online_available": false,
    "min_orderable_quantity": 1,
    "orderable_quantities": [],
    "badge_texts": [
      "V trgovini od 10.07. do 16.07."
    ],
    "badge_types": [
      "IN_STORE_FROM_FUTURE_DATE_RANGE"
    ],
    "main_image": "https://imgproxy-retcat.assets.schwarz/gmsE6xhAuBPDOfyJVkvh_hch_YFTbMSzRC8jnoWQFIg/sm:1/w:427/h:320/cz/M6Ly9wcm9kLWNhd/GFsb2ctbWVkaWEvc2kvMS82NDBFMDg5QUYzOTgwNjYzRjY5MjY1N0U/wRTNFNDRGRENEMzZFRTlFOUI2QTVDOTUxQkFGOTdBQ0I3NDkyRUM5LmpwZw.jpg",
    "image_list": [
      "https://imgproxy-retcat.assets.schwarz/gmsE6xhAuBPDOfyJVkvh_hch_YFTbMSzRC8jnoWQFIg/sm:1/w:427/h:320/cz/M6Ly9wcm9kLWNhd/GFsb2ctbWVkaWEvc2kvMS82NDBFMDg5QUYzOTgwNjYzRjY5MjY1N0U/wRTNFNDRGRENEMzZFRTlFOUI2QTVDOTUxQkFGOTdBQ0I3NDkyRUM5LmpwZw.jpg",
      "https://imgproxy-retcat.assets.schwarz/XzOPqZ_MR_3hWHLUCpL4PTXrfoSDEMWrl4DarqoVghU/sm:1/w:427/h:320/cz/M6Ly9wcm9kLWNhd/GFsb2ctbWVkaWEvc2kvMS9EOUUxRjY3RDJDN0M0NUQ4QzZDN0RBRUM/3RUNBM0E1ODhGMjIzQjBCRjMzMTQzN0FENjI0RTlFMEZENTk4NDcwLmpwZw.jpg",
      "https://imgproxy-retcat.assets.schwarz/6qUT3-VTck3xmiCkXQYUWJ5wRH0CHoaxgjpQHX9MFMs/sm:1/w:427/h:320/cz/M6Ly9wcm9kLWNhd/GFsb2ctbWVkaWEvc2kvMS8wN0Q5OEM3MDIzNjU0RkZBNDQ4RkYwRUI/xMjQ2N0E4MEFDRjdCN0FBRjE5QzFDRTc3QkFCMDRDNENERjhFOUE1LmpwZw.jpg"
    ],
    "image_accessibility": "Dve embalaži sladoleda Chio Supreme: mango in passion sadje ter divje jagode.",
    "detailed_images": [
      {
        "url": "https://imgproxy-retcat.assets.schwarz/gmsE6xhAuBPDOfyJVkvh_hch_YFTbMSzRC8jnoWQFIg/sm:1/w:427/h:320/cz/M6Ly9wcm9kLWNhd/GFsb2ctbWVkaWEvc2kvMS82NDBFMDg5QUYzOTgwNjYzRjY5MjY1N0U/wRTNFNDRGRENEMzZFRTlFOUI2QTVDOTUxQkFGOTdBQ0I3NDkyRUM5LmpwZw.jpg",
        "accessibility": "Dve embalaži sladoleda Chio Supreme: mango in passion sadje ter divje jagode."
      },
      {
        "url": "https://imgproxy-retcat.assets.schwarz/XzOPqZ_MR_3hWHLUCpL4PTXrfoSDEMWrl4DarqoVghU/sm:1/w:427/h:320/cz/M6Ly9wcm9kLWNhd/GFsb2ctbWVkaWEvc2kvMS9EOUUxRjY3RDJDN0M0NUQ4QzZDN0RBRUM/3RUNBM0E1ODhGMjIzQjBCRjMzMTQzN0FENjI0RTlFMEZENTk4NDcwLmpwZw.jpg",
        "accessibility": "Embalaža 6x Cadbury Supreme sladoleda z okusom divjih jagod."
      },
      {
        "url": "https://imgproxy-retcat.assets.schwarz/6qUT3-VTck3xmiCkXQYUWJ5wRH0CHoaxgjpQHX9MFMs/sm:1/w:427/h:320/cz/M6Ly9wcm9kLWNhd/GFsb2ctbWVkaWEvc2kvMS8wN0Q5OEM3MDIzNjU0RkZBNDQ4RkYwRUI/xMjQ2N0E4MEFDRjdCN0FBRjE5QzFDRTc3QkFCMDRDNENERjhFOUE1LmpwZw.jpg",
        "accessibility": "Emballa Supreme sladoled, okus mango in marakuja."
      }
    ],
    "analytics_category": "Food",
    "more_details": "Dodatne podrobnosti o izdelku",
    "won_category_primary": "Svetovi potreb/Hrana in bližnja hrana/Prigrizki in slaščice",
    "won_category_primary_path": "0/17/1721",
    "canonical_path": "/p/gelatelli-korneti-supreme/p10041502",
    "canonical_url": "/p/gelatelli-korneti-supreme/p10041502",
    "awards": [],
    "seals": [],
    "ribbons": [],
    "highlighted_seals": 0,
    "lidl_plus": [],
    "regions": [],
    "ians": [
      "121358"
    ],
    "show_brand": true,
    "deal_of_day_active": false,
    "full_title_meta": "GELATELLI Korneti Supreme",
    "lists": [
      4991
    ],
    "preview": false,
    "category_breadcrumbs": [
      {
        "id": "10068374",
        "name": "Hrana in pijača",
        "url": "/c/hrana-in-pijaca/s10068374",
        "hidden": false
      },
      {
        "id": "10071044",
        "name": "Prigrizki in sladkarije",
        "url": "/h/prigrizki-in-sladkarije/h10071044",
        "hidden": false
      }
    ],
    "campaigns": [
      {
        "id": "10050939",
        "name": "product-feed-2",
        "url": "/c/product-feed-2/a10050939",
        "hidden": false
      }
    ],
    "world_of_needs_code": "1721",
    "world_of_needs_name": "Prigrizki in slaščice",
    "world_of_needs_parent": "17",
    "is_main_category": true,
    "super_categories": [
      {
        "code": "17",
        "name": "Hrana in bližnja hrana",
        "parent": "0"
      },
      {
        "code": "0",
        "name": "Svetovi potreb",
        "parent": ""
      }
    ],
    "position": 37,
    "tracking_payload": {
      "searchTrackingMasterId": "Product.10041502",
      "searchTrackingTitle": "Korneti+Supreme",
      "searchTrackingPageSize": 100,
      "searchTrackingPage": 1,
      "searchTrackingEvent": "click",
      "list": "search",
      "searchTrackingId": "Product.10041502",
      "searchTrackingOrigPos": 1,
      "searchTrackingPos": 37,
      "searchTrackingOrigPageSize": 100,
      "searchTrackingChannel": "SI",
      "category": "Food"
    }
  },
  {
    "code": "10075329",
    "name": "Sladoled z okusom vanilije",
    "url": "",
    "result_class": "product",
    "type": "product",
    "product_id": 10075329,
    "erp_number": "10075329",
    "item_id": 10075329,
    "full_title": "BALLINO Sladoled z okusom vanilije",
    "title": "Sladoled z okusom vanilije",
    "category": "Food",
    "product_type": "RETAIL",
    "age_restriction": false,
    "is_used_product": false,
    "multipack": false,
    "online": false,
    "store": false,
    "quick_add_to_cart": false,
    "flash_sales": false,
    "having_videos": false,
    "having_threesixty": false,
    "price": 2.39,
    "old_price": 2.99,
    "currency_code": "EUR",
    "currency_symbol": "€",
    "has_star": true,
    "has_vat": false,
    "price_theme": "white_red",
    "variants_have_different_prices": false,
    "base_price_text": "1 l = 2.49",
    "base_price_prefix": false,
    "packaging_text": "16 x 60 ml",
    "discount_deleted_price": 2.99,
    "discount_text": "- 20 %",
    "discount_percentage": 20,
    "discount_has_star": false,
    "show_discount": true,
    "show_percentage": true,
    "from_recommended_price": false,
    "availability_indicator": 0,
    "online_available": false,
    "min_orderable_quantity": 1,
    "orderable_quantities": [],
    "badge_texts": [
      "V trgovini od 10.07. do 16.07."
    ],
    "badge_types": [
      "IN_STORE_FROM_FUTURE_DATE_RANGE"
    ],
    "main_image": "https://imgproxy-retcat.assets.schwarz/4KQA5Mlc1Ec9VIXJC7zOXhHgPUt8FKUV6IXZyb1ZVEM/sm:1/w:427/h:320/cz/M6Ly9wcm9kLWNhd/GFsb2ctbWVkaWEvc2kvMS8yMkU4RkI2MDU5Rjk1NjJDNTg0OUI5NjA/1NTIyMEQ2ODYxMkI1MTM4M0M1NTgwM0RBODZCOEEyNjgwQzMwRkZFLmpwZw.jpg",
    "image_list": [
      "https://imgproxy-retcat.assets.schwarz/4KQA5Mlc1Ec9VIXJC7zOXhHgPUt8FKUV6IXZyb1ZVEM/sm:1/w:427/h:320/cz/M6Ly9wcm9kLWNhd/GFsb2ctbWVkaWEvc2kvMS8yMkU4RkI2MDU5Rjk1NjJDNTg0OUI5NjA/1NTIyMEQ2ODYxMkI1MTM4M0M1NTgwM0RBODZCOEEyNjgwQzMwRkZFLmpwZw.jpg"
    ],
    "image_accessibility": "Sladoledne palčke Ballarino Ice Cream Sticks.",
    "detailed_images": [
      {
        "url": "https://imgproxy-retcat.assets.schwarz/4KQA5Mlc1Ec9VIXJC7zOXhHgPUt8FKUV6IXZyb1ZVEM/sm:1/w:427/h:320/cz/M6Ly9wcm9kLWNhd/GFsb2ctbWVkaWEvc2kvMS8yMkU4RkI2MDU5Rjk1NjJDNTg0OUI5NjA/1NTIyMEQ2ODYxMkI1MTM4M0M1NTgwM0RBODZCOEEyNjgwQzMwRkZFLmpwZw.jpg",
        "accessibility": "Sladoledne palčke Ballarino Ice Cream Sticks."
      }
    ],
    "analytics_category": "Food",
    "more_details": "Dodatne podrobnosti o izdelku",
    "won_category_primary": "Svetovi potreb/Hrana in bližnja hrana/Prigrizki in slaščice",
    "won_category_primary_path": "0/17/1721",
    "canonical_path": "/p/ballino-sladoled-z-okusom-vanilije/p10075329",
    "canonical_url": "/p/ballino-sladoled-z-okusom-vanilije/p10075329",
    "awards": [],
    "seals": [],
    "ribbons": [],
    "highlighted_seals": 0,
    "lidl_plus": [],
    "regions": [],
    "ians": [
      "31712"
    ],
    "show_brand": true,
    "deal_of_day_active": false,
    "full_title_meta": "BALLINO Sladoled z okusom vanilije",
    "lists": [
      4991
    ],
    "preview": false,
    "category_breadcrumbs": [
      {
        "id": "10068374",
        "name": "Hrana in pijača",
        "url": "/c/hrana-in-pijaca/s10068374",
        "hidden": false
      },
      {
        "id": "10071044",
        "name": "Prigrizki in sladkarije",
        "url": "/h/prigrizki-in-sladkarije/h10071044",
        "hidden": false
      }
    ],
    "campaigns": [
      {
        "id": "Current_Sales_Week",
        "name": "Ta teden",
        "url": null,
        "hidden": false
      },
      {
        "id": "10072826",
        "name": "Tvoja osvežitev se začne v Lidlu.",
        "url": "/c/tvoja-osvezitev-se-zacne-v-lidlu/a10072826",
        "hidden": false
      }
    ],
    "world_of_needs_code": "1721",
    "world_of_needs_name": "Prigrizki in slaščice",
    "world_of_needs_parent": "17",
    "is_main_category": true,
    "super_categories": [
      {
        "code": "17",
        "name": "Hrana in bližnja hrana",
        "parent": "0"
      },
      {
        "code": "0",
        "name": "Svetovi potreb",
        "parent": ""
      }
    ],
    "position": 38,
    "tracking_payload": {
      "searchTrackingMasterId": "Product.10075329",
      "searchTrackingTitle": "Sladoled+z+okusom+vanilije",
      "searchTrackingPageSize": 100,
      "searchTrackingPage": 1,
      "searchTrackingEvent": "click",
      "list": "search",
      "searchTrackingId": "Product.10075329",
      "searchTrackingOrigPos": 1,
      "searchTrackingPos": 38,
      "searchTrackingOrigPageSize": 100,
      "searchTrackingChannel": "SI",
      "category": "Food"
    }
  },
  {
    "code": "10075335",
    "name": "Mešani sladoled",
    "url": "",
    "result_class": "product",
    "type": "product",
    "product_id": 10075335,
    "erp_number": "10075335",
    "item_id": 10075335,
    "full_title": "BON GELATI Mešani sladoled",
    "title": "Mešani sladoled",
    "category": "Food",
    "product_type": "RETAIL",
    "age_restriction": false,
    "is_used_product": false,
    "multipack": false,
    "online": false,
    "store": false,
    "quick_add_to_cart": false,
    "flash_sales": false,
    "having_videos": false,
    "having_threesixty": false,
    "price": 2.39,
    "old_price": 2.99,
    "currency_code": "EUR",
    "currency_symbol": "€",
    "has_star": true,
    "has_vat": false,
    "price_theme": "white_red",
    "variants_have_different_prices": false,
    "base_price_text": "1 l = 2.66",
    "base_price_prefix": false,
    "packaging_text": "900 ml",
    "discount_deleted_price": 2.99,
    "discount_text": "- 20 %",
    "discount_percentage": 20,
    "discount_has_star": false,
    "show_discount": true,
    "show_percentage": true,
    "from_recommended_price": false,
    "availability_indicator": 0,
    "online_available": false,
    "min_orderable_quantity": 1,
    "orderable_quantities": [],
    "badge_texts": [
      "V trgovini od 10.07. do 16.07."
    ],
    "badge_types": [
      "IN_STORE_FROM_FUTURE_DATE_RANGE"
    ],
    "main_image": "https://imgproxy-retcat.assets.schwarz/oIAH2z87XbARIaj9zSCFaRMllFTT971Dz9A2pYvXiCI/sm:1/w:427/h:320/cz/M6Ly9wcm9kLWNhd/GFsb2ctbWVkaWEvc2kvMS9EMzhCQTFGOUYzOUE0MzU4OTJENTlERUQ/2OTBEQkVEQUI5NTQyODhGNEZBQUFENjBGODVGQkZCRUE5RkVCMEE4LmpwZw.jpg",
    "image_list": [
      "https://imgproxy-retcat.assets.schwarz/oIAH2z87XbARIaj9zSCFaRMllFTT971Dz9A2pYvXiCI/sm:1/w:427/h:320/cz/M6Ly9wcm9kLWNhd/GFsb2ctbWVkaWEvc2kvMS9EMzhCQTFGOUYzOUE0MzU4OTJENTlERUQ/2OTBEQkVEQUI5NTQyODhGNEZBQUFENjBGODVGQkZCRUE5RkVCMEE4LmpwZw.jpg",
      "https://imgproxy-retcat.assets.schwarz/-Oz7T8ibUZFPVRbw3dLLtSI7dMo-C_t_KhoTQIdsTo8/sm:1/w:427/h:320/cz/M6Ly9wcm9kLWNhd/GFsb2ctbWVkaWEvc2kvMS84M0Q2MkQwQjk3NzQzOThEQzcyNTgzMzM/4MDZGMDI4QTI5RjBEOEE0QkM5MUZDQTA0M0M1NDc5QzU0ODVERTcwLmpwZw.jpg",
      "https://imgproxy-retcat.assets.schwarz/nl6Izn2_5yQ0w1l7AaG5xoJbRDnrs1CQshtNoCZVpw4/sm:1/w:427/h:320/cz/M6Ly9wcm9kLWNhd/GFsb2ctbWVkaWEvc2kvMS80MTFDMDFCNkMyNDMwRTBGRjkzMTJEMzB/CMzEyOUZBOEY1NDlFQUI4RUVEQjM4NzY4QzdGRjBCNDQ5RDI0QjhDLmpwZw.jpg"
    ],
    "image_accessibility": "Štirje paketi sladkarij VitaYummy v različnih okusih.",
    "detailed_images": [
      {
        "url": "https://imgproxy-retcat.assets.schwarz/oIAH2z87XbARIaj9zSCFaRMllFTT971Dz9A2pYvXiCI/sm:1/w:427/h:320/cz/M6Ly9wcm9kLWNhd/GFsb2ctbWVkaWEvc2kvMS9EMzhCQTFGOUYzOUE0MzU4OTJENTlERUQ/2OTBEQkVEQUI5NTQyODhGNEZBQUFENjBGODVGQkZCRUE5RkVCMEE4LmpwZw.jpg",
        "accessibility": "Štirje paketi sladkarij VitaYummy v različnih okusih."
      },
      {
        "url": "https://imgproxy-retcat.assets.schwarz/-Oz7T8ibUZFPVRbw3dLLtSI7dMo-C_t_KhoTQIdsTo8/sm:1/w:427/h:320/cz/M6Ly9wcm9kLWNhd/GFsb2ctbWVkaWEvc2kvMS84M0Q2MkQwQjk3NzQzOThEQzcyNTgzMzM/4MDZGMDI4QTI5RjBEOEE0QkM5MUZDQTA0M0M1NDc5QzU0ODVERTcwLmpwZw.jpg",
        "accessibility": "Bon Gelati sladoledni split z vanilijo in čokolado."
      },
      {
        "url": "https://imgproxy-retcat.assets.schwarz/nl6Izn2_5yQ0w1l7AaG5xoJbRDnrs1CQshtNoCZVpw4/sm:1/w:427/h:320/cz/M6Ly9wcm9kLWNhd/GFsb2ctbWVkaWEvc2kvMS80MTFDMDFCNkMyNDMwRTBGRjkzMTJEMzB/CMzEyOUZBOEY1NDlFQUI4RUVEQjM4NzY4QzdGRjBCNDQ5RDI0QjhDLmpwZw.jpg",
        "accessibility": "Bon Gelati sladoled z okusom vanilije in jagode."
      }
    ],
    "analytics_category": "Food",
    "more_details": "Dodatne podrobnosti o izdelku",
    "won_category_primary": "Svetovi potreb/Hrana in bližnja hrana/Zamrznjena hrana (Zamrznjena hrana)",
    "won_category_primary_path": "0/17/1716",
    "canonical_path": "/p/bon-gelati-mesani-sladoled/p10075335",
    "canonical_url": "/p/bon-gelati-mesani-sladoled/p10075335",
    "awards": [],
    "seals": [],
    "ribbons": [],
    "highlighted_seals": 0,
    "lidl_plus": [],
    "regions": [],
    "ians": [
      "206129"
    ],
    "show_brand": true,
    "deal_of_day_active": false,
    "full_title_meta": "BON GELATI Mešani sladoled",
    "lists": [
      4991
    ],
    "preview": false,
    "category_breadcrumbs": [
      {
        "id": "10068374",
        "name": "Hrana in pijača",
        "url": "/c/hrana-in-pijaca/s10068374",
        "hidden": false
      },
      {
        "id": "10071049",
        "name": "Zamrznjena hrana",
        "url": "/h/zamrznjena-hrana/h10071049",
        "hidden": false
      }
    ],
    "campaigns": [
      {
        "id": "Current_Sales_Week",
        "name": "Ta teden",
        "url": null,
        "hidden": false
      },
      {
        "id": "10072826",
        "name": "Tvoja osvežitev se začne v Lidlu.",
        "url": "/c/tvoja-osvezitev-se-zacne-v-lidlu/a10072826",
        "hidden": false
      }
    ],
    "world_of_needs_code": "1716",
    "world_of_needs_name": "Zamrznjena hrana (Zamrznjena hrana)",
    "world_of_needs_parent": "17",
    "is_main_category": true,
    "super_categories": [
      {
        "code": "17",
        "name": "Hrana in bližnja hrana",
        "parent": "0"
      },
      {
        "code": "0",
        "name": "Svetovi potreb",
        "parent": ""
      }
    ],
    "position": 39,
    "tracking_payload": {
      "searchTrackingMasterId": "Product.10075335",
      "searchTrackingTitle": "Me%C5%A1ani+sladoled",
      "searchTrackingPageSize": 100,
      "searchTrackingPage": 1,
      "searchTrackingEvent": "click",
      "list": "search",
      "searchTrackingId": "Product.10075335",
      "searchTrackingOrigPos": 1,
      "searchTrackingPos": 39,
      "searchTrackingOrigPageSize": 100,
      "searchTrackingChannel": "SI",
      "category": "Food"
    }
  },
  {
    "code": "10075982",
    "name": "Korneti Super Soft",
    "url": "",
    "result_class": "product",
    "type": "product",
    "product_id": 10075982,
    "erp_number": "10075982",
    "item_id": 10075982,
    "full_title": "GELATELLI Korneti Super Soft",
    "title": "Korneti Super Soft",
    "category": "Food",
    "product_type": "RETAIL",
    "age_restriction": false,
    "is_used_product": false,
    "multipack": false,
    "online": false,
    "store": false,
    "quick_add_to_cart": false,
    "flash_sales": false,
    "having_videos": false,
    "having_threesixty": false,
    "price": 1.99,
    "old_price": 2.49,
    "currency_code": "EUR",
    "currency_symbol": "€",
    "has_star": true,
    "has_vat": false,
    "price_theme": "white_red",
    "variants_have_different_prices": false,
    "base_price_text": "1 l = 3.83",
    "base_price_prefix": false,
    "packaging_text": "4 x 130 ml",
    "discount_deleted_price": 2.49,
    "discount_text": "- 20 %",
    "discount_percentage": 20,
    "discount_has_star": false,
    "show_discount": true,
    "show_percentage": true,
    "from_recommended_price": false,
    "availability_indicator": 0,
    "online_available": false,
    "min_orderable_quantity": 1,
    "orderable_quantities": [],
    "badge_texts": [
      "V trgovini od 10.07. do 16.07."
    ],
    "badge_types": [
      "IN_STORE_FROM_FUTURE_DATE_RANGE"
    ],
    "main_image": "https://imgproxy-retcat.assets.schwarz/WCUR069DcfTlApnRRZPPbz5eINKMYfgvGu7a8WCuSa8/sm:1/w:427/h:320/cz/M6Ly9wcm9kLWNhd/GFsb2ctbWVkaWEvc2kvMS9BM0IzMEI3QTQzNkY1NTEyNUE1QUM3QzA/3Nzk4MjE4MjQ3MzhEMzYwNEFENUU4QTU4MzQ3RDVENTY0NzdGNzY5LmpwZw.jpg",
    "image_list": [
      "https://imgproxy-retcat.assets.schwarz/WCUR069DcfTlApnRRZPPbz5eINKMYfgvGu7a8WCuSa8/sm:1/w:427/h:320/cz/M6Ly9wcm9kLWNhd/GFsb2ctbWVkaWEvc2kvMS9BM0IzMEI3QTQzNkY1NTEyNUE1QUM3QzA/3Nzk4MjE4MjQ3MzhEMzYwNEFENUU4QTU4MzQ3RDVENTY0NzdGNzY5LmpwZw.jpg",
      "https://imgproxy-retcat.assets.schwarz/-hjcwYtpm1FaU6PyfZbgVrXEGZ95ujV7fG8zACOrMDE/sm:1/w:427/h:320/cz/M6Ly9wcm9kLWNhd/GFsb2ctbWVkaWEvc2kvMS8yMUFCOUQzOTFBQThGRDlBRDI5MTg0NDl/ERjEwNUU5RUZCNjFBRTkxMThCNjFFOEE4OTVERjU5M0FFOTY5Q0VELmpwZw.jpg",
      "https://imgproxy-retcat.assets.schwarz/_v-ImefhDShWnITYYRhwnuyXCvlnZ_gCZ8vHSD06eME/sm:1/w:427/h:320/cz/M6Ly9wcm9kLWNhd/GFsb2ctbWVkaWEvc2kvMS9CMjQ3QTU5REEzNEIwQjdGNkYyOTQzNDV/BQ0M5NUM3NDNGM0ZGRUNCMzExMEFCRTU5N0UyNDk0QjE0MjRBM0JGLmpwZw.jpg"
    ],
    "image_accessibility": "Dve škatli sladoleda Chio Super Roll, ena roza, ena z jagodami.",
    "detailed_images": [
      {
        "url": "https://imgproxy-retcat.assets.schwarz/WCUR069DcfTlApnRRZPPbz5eINKMYfgvGu7a8WCuSa8/sm:1/w:427/h:320/cz/M6Ly9wcm9kLWNhd/GFsb2ctbWVkaWEvc2kvMS9BM0IzMEI3QTQzNkY1NTEyNUE1QUM3QzA/3Nzk4MjE4MjQ3MzhEMzYwNEFENUU4QTU4MzQ3RDVENTY0NzdGNzY5LmpwZw.jpg",
        "accessibility": "Dve škatli sladoleda Chio Super Roll, ena roza, ena z jagodami."
      },
      {
        "url": "https://imgproxy-retcat.assets.schwarz/-hjcwYtpm1FaU6PyfZbgVrXEGZ95ujV7fG8zACOrMDE/sm:1/w:427/h:320/cz/M6Ly9wcm9kLWNhd/GFsb2ctbWVkaWEvc2kvMS8yMUFCOUQzOTFBQThGRDlBRDI5MTg0NDl/ERjEwNUU5RUZCNjFBRTkxMThCNjFFOEE4OTVERjU5M0FFOTY5Q0VELmpwZw.jpg",
        "accessibility": "Embalaža sladoleda Gelatelli Super Soft v pastelnih barvah."
      },
      {
        "url": "https://imgproxy-retcat.assets.schwarz/_v-ImefhDShWnITYYRhwnuyXCvlnZ_gCZ8vHSD06eME/sm:1/w:427/h:320/cz/M6Ly9wcm9kLWNhd/GFsb2ctbWVkaWEvc2kvMS9CMjQ3QTU5REEzNEIwQjdGNkYyOTQzNDV/BQ0M5NUM3NDNGM0ZGRUNCMzExMEFCRTU5N0UyNDk0QjE0MjRBM0JGLmpwZw.jpg",
        "accessibility": "Coffinello Super Soft sladoled v kornetu z okusom jagode in vanilije."
      }
    ],
    "analytics_category": "Food",
    "more_details": "Dodatne podrobnosti o izdelku",
    "won_category_primary": "Svetovi potreb/Hrana in bližnja hrana/Prigrizki in slaščice",
    "won_category_primary_path": "0/17/1721",
    "canonical_path": "/p/gelatelli-korneti-super-soft/p10075982",
    "canonical_url": "/p/gelatelli-korneti-super-soft/p10075982",
    "awards": [],
    "seals": [
      {
        "altText": "Slovenski izdelek",
        "image": "https://imgproxy-retcat.assets.schwarz/065GlWscfuyzRNlqdEjgEaZNE6893872XSglFaanlJA/sm:1/w:140/cz/M6Ly9wcm9kLWNhd/GFsb2ctbWVkaWEvc2kvMi83RTk4NkYyRDk1MTlDRUJBNzA1N0JGMzA/1QjA1NjUyRjVCMjMzNzZGRjY4MzVEREFGQzIwQzE5NDVFQUE5M0RCLnBuZw.png"
      }
    ],
    "ribbons": [],
    "highlighted_seals": 0,
    "lidl_plus": [],
    "regions": [],
    "ians": [
      "204952"
    ],
    "show_brand": true,
    "deal_of_day_active": false,
    "full_title_meta": "GELATELLI Korneti Super Soft",
    "lists": [
      4991
    ],
    "preview": false,
    "category_breadcrumbs": [
      {
        "id": "10068374",
        "name": "Hrana in pijača",
        "url": "/c/hrana-in-pijaca/s10068374",
        "hidden": false
      },
      {
        "id": "10071044",
        "name": "Prigrizki in sladkarije",
        "url": "/h/prigrizki-in-sladkarije/h10071044",
        "hidden": false
      }
    ],
    "campaigns": [
      {
        "id": "Current_Sales_Week",
        "name": "Ta teden",
        "url": null,
        "hidden": false
      },
      {
        "id": "10072826",
        "name": "Tvoja osvežitev se začne v Lidlu.",
        "url": "/c/tvoja-osvezitev-se-zacne-v-lidlu/a10072826",
        "hidden": false
      }
    ],
    "world_of_needs_code": "1721",
    "world_of_needs_name": "Prigrizki in slaščice",
    "world_of_needs_parent": "17",
    "is_main_category": true,
    "super_categories": [
      {
        "code": "17",
        "name": "Hrana in bližnja hrana",
        "parent": "0"
      },
      {
        "code": "0",
        "name": "Svetovi potreb",
        "parent": ""
      }
    ],
    "position": 40,
    "tracking_payload": {
      "searchTrackingMasterId": "Product.10075982",
      "searchTrackingTitle": "Korneti+Super+Soft",
      "searchTrackingPageSize": 100,
      "searchTrackingPage": 1,
      "searchTrackingEvent": "click",
      "list": "search",
      "searchTrackingId": "Product.10075982",
      "searchTrackingOrigPos": 1,
      "searchTrackingPos": 40,
      "searchTrackingOrigPageSize": 100,
      "searchTrackingChannel": "SI",
      "category": "Food"
    }
  },
  {
    "code": "10079113",
    "name": "Sladoled Double",
    "url": "",
    "result_class": "product",
    "type": "product",
    "product_id": 10079113,
    "erp_number": "10079113",
    "item_id": 10079113,
    "full_title": "GELATELLI Sladoled Double",
    "title": "Sladoled Double",
    "category": "Food",
    "product_type": "RETAIL",
    "age_restriction": false,
    "is_used_product": false,
    "multipack": false,
    "online": false,
    "store": false,
    "quick_add_to_cart": false,
    "flash_sales": false,
    "having_videos": false,
    "having_threesixty": false,
    "price": 2.39,
    "old_price": 2.99,
    "currency_code": "EUR",
    "currency_symbol": "€",
    "has_star": true,
    "has_vat": false,
    "price_theme": "white_red",
    "variants_have_different_prices": false,
    "base_price_text": "1 l = 7.03/6.64",
    "base_price_prefix": false,
    "packaging_text": "4 x 85/90 ml",
    "discount_deleted_price": 2.99,
    "discount_text": "- 20 %",
    "discount_percentage": 20,
    "discount_has_star": false,
    "show_discount": true,
    "show_percentage": true,
    "from_recommended_price": false,
    "availability_indicator": 0,
    "online_available": false,
    "min_orderable_quantity": 1,
    "orderable_quantities": [],
    "badge_texts": [
      "V trgovini od 10.07. do 16.07."
    ],
    "badge_types": [
      "IN_STORE_FROM_FUTURE_DATE_RANGE"
    ],
    "main_image": "https://imgproxy-retcat.assets.schwarz/4Q4TsCEt825rCd_4Rt4VmvyyWmQDKrn6_4youOgModw/sm:1/w:427/h:320/cz/M6Ly9wcm9kLWNhd/GFsb2ctbWVkaWEvc2kvMS82Mzk5MTlFQUMyOTI4NzkwRTlCREQ5OUE/4NjFCOTMxMUYxMzgzNjhGOUVGOTgwQTE3OTA3QkJENDlCNzE3MzQwLmpwZw.jpg",
    "image_list": [
      "https://imgproxy-retcat.assets.schwarz/4Q4TsCEt825rCd_4Rt4VmvyyWmQDKrn6_4youOgModw/sm:1/w:427/h:320/cz/M6Ly9wcm9kLWNhd/GFsb2ctbWVkaWEvc2kvMS82Mzk5MTlFQUMyOTI4NzkwRTlCREQ5OUE/4NjFCOTMxMUYxMzgzNjhGOUVGOTgwQTE3OTA3QkJENDlCNzE3MzQwLmpwZw.jpg",
      "https://imgproxy-retcat.assets.schwarz/bCs5eS7g0SrhRs2Q712L9QsIiVnPCwtiuD8PtLZg62Q/sm:1/w:427/h:320/cz/M6Ly9wcm9kLWNhd/GFsb2ctbWVkaWEvc2kvMS9DODU5NkYyMEUzQkNBNjBGODMxRjk1NDR/DODMyQTUwMTc2Mzg3OUU1OTJGMzg2QjE4NDA1QzdBNUIzRDE4MDQwLmpwZw.jpg",
      "https://imgproxy-retcat.assets.schwarz/UcQWhadEzsGEsy24KSal8HDN6dkXpMlS95hmUHsr0Gw/sm:1/w:427/h:320/cz/M6Ly9wcm9kLWNhd/GFsb2ctbWVkaWEvc2kvMS83ODEwQTQyOTE3MEE0NEE1NDMwRDdBNUQ/4RURFMjQ5OTUyMzFFMEI1QTgyNDZGREQ5NjRCN0RBQzIxOUFBRERGLmpwZw.jpg"
    ],
    "image_accessibility": "Dve embalaži sladoleda Chio Double: čokoladna in malinova.",
    "detailed_images": [
      {
        "url": "https://imgproxy-retcat.assets.schwarz/4Q4TsCEt825rCd_4Rt4VmvyyWmQDKrn6_4youOgModw/sm:1/w:427/h:320/cz/M6Ly9wcm9kLWNhd/GFsb2ctbWVkaWEvc2kvMS82Mzk5MTlFQUMyOTI4NzkwRTlCREQ5OUE/4NjFCOTMxMUYxMzgzNjhGOUVGOTgwQTE3OTA3QkJENDlCNzE3MzQwLmpwZw.jpg",
        "accessibility": "Dve embalaži sladoleda Chio Double: čokoladna in malinova."
      },
      {
        "url": "https://imgproxy-retcat.assets.schwarz/bCs5eS7g0SrhRs2Q712L9QsIiVnPCwtiuD8PtLZg62Q/sm:1/w:427/h:320/cz/M6Ly9wcm9kLWNhd/GFsb2ctbWVkaWEvc2kvMS9DODU5NkYyMEUzQkNBNjBGODMxRjk1NDR/DODMyQTUwMTc2Mzg3OUU1OTJGMzg2QjE4NDA1QzdBNUIzRDE4MDQwLmpwZw.jpg",
        "accessibility": "Gibella Double sladoledne palčke s karamelo in piškoti."
      },
      {
        "url": "https://imgproxy-retcat.assets.schwarz/UcQWhadEzsGEsy24KSal8HDN6dkXpMlS95hmUHsr0Gw/sm:1/w:427/h:320/cz/M6Ly9wcm9kLWNhd/GFsb2ctbWVkaWEvc2kvMS83ODEwQTQyOTE3MEE0NEE1NDMwRDdBNUQ/4RURFMjQ5OTUyMzFFMEI1QTgyNDZGREQ5NjRCN0RBQzIxOUFBRERGLmpwZw.jpg",
        "accessibility": "Embalaža sladoleda Cornetto Double Raspberry."
      }
    ],
    "analytics_category": "Food",
    "more_details": "Dodatne podrobnosti o izdelku",
    "won_category_primary": "Svetovi potreb/Hrana in bližnja hrana/Zamrznjena hrana (Zamrznjena hrana)",
    "won_category_primary_path": "0/17/1716",
    "canonical_path": "/p/gelatelli-sladoled-double/p10079113",
    "canonical_url": "/p/gelatelli-sladoled-double/p10079113",
    "awards": [],
    "seals": [
      {
        "altText": "Slovenski izdelek",
        "image": "https://imgproxy-retcat.assets.schwarz/065GlWscfuyzRNlqdEjgEaZNE6893872XSglFaanlJA/sm:1/w:140/cz/M6Ly9wcm9kLWNhd/GFsb2ctbWVkaWEvc2kvMi83RTk4NkYyRDk1MTlDRUJBNzA1N0JGMzA/1QjA1NjUyRjVCMjMzNzZGRjY4MzVEREFGQzIwQzE5NDVFQUE5M0RCLnBuZw.png"
      }
    ],
    "ribbons": [],
    "highlighted_seals": 0,
    "lidl_plus": [],
    "regions": [],
    "ians": [
      "205324"
    ],
    "show_brand": true,
    "deal_of_day_active": false,
    "full_title_meta": "GELATELLI Sladoled Double",
    "lists": [
      4991
    ],
    "preview": false,
    "category_breadcrumbs": [
      {
        "id": "10068374",
        "name": "Hrana in pijača",
        "url": "/c/hrana-in-pijaca/s10068374",
        "hidden": false
      },
      {
        "id": "10071049",
        "name": "Zamrznjena hrana",
        "url": "/h/zamrznjena-hrana/h10071049",
        "hidden": false
      }
    ],
    "campaigns": [
      {
        "id": "Current_Sales_Week",
        "name": "Ta teden",
        "url": null,
        "hidden": false
      },
      {
        "id": "10072826",
        "name": "Tvoja osvežitev se začne v Lidlu.",
        "url": "/c/tvoja-osvezitev-se-zacne-v-lidlu/a10072826",
        "hidden": false
      }
    ],
    "world_of_needs_code": "1716",
    "world_of_needs_name": "Zamrznjena hrana (Zamrznjena hrana)",
    "world_of_needs_parent": "17",
    "is_main_category": true,
    "super_categories": [
      {
        "code": "17",
        "name": "Hrana in bližnja hrana",
        "parent": "0"
      },
      {
        "code": "0",
        "name": "Svetovi potreb",
        "parent": ""
      }
    ],
    "position": 41,
    "tracking_payload": {
      "searchTrackingMasterId": "Product.10079113",
      "searchTrackingTitle": "Sladoled+Double",
      "searchTrackingPageSize": 100,
      "searchTrackingPage": 1,
      "searchTrackingEvent": "click",
      "list": "search",
      "searchTrackingId": "Product.10079113",
      "searchTrackingOrigPos": 1,
      "searchTrackingPos": 41,
      "searchTrackingOrigPageSize": 100,
      "searchTrackingChannel": "SI",
      "category": "Food"
    }
  },
  {
    "code": "10079464",
    "name": "Premium mešani sladoled",
    "url": "",
    "result_class": "product",
    "type": "product",
    "product_id": 10079464,
    "erp_number": "10079464",
    "item_id": 10079464,
    "full_title": "BON GELATI Premium mešani sladoled",
    "title": "Premium mešani sladoled",
    "category": "Food",
    "product_type": "RETAIL",
    "age_restriction": false,
    "is_used_product": false,
    "multipack": false,
    "online": false,
    "store": false,
    "quick_add_to_cart": false,
    "flash_sales": false,
    "having_videos": false,
    "having_threesixty": false,
    "price": 2.79,
    "old_price": 3.49,
    "currency_code": "EUR",
    "currency_symbol": "€",
    "has_star": true,
    "has_vat": false,
    "price_theme": "white_red",
    "variants_have_different_prices": false,
    "base_price_text": "1 l = 3.10",
    "base_price_prefix": false,
    "packaging_text": "900 ml",
    "discount_deleted_price": 3.49,
    "discount_text": "- 20 %",
    "discount_percentage": 20,
    "discount_has_star": false,
    "show_discount": true,
    "show_percentage": true,
    "from_recommended_price": false,
    "availability_indicator": 0,
    "online_available": false,
    "min_orderable_quantity": 1,
    "orderable_quantities": [],
    "badge_texts": [
      "V trgovini od 10.07. do 16.07."
    ],
    "badge_types": [
      "IN_STORE_FROM_FUTURE_DATE_RANGE"
    ],
    "main_image": "https://imgproxy-retcat.assets.schwarz/Xg5Y-dtdpunUpZuGXZAavJ3BBstMOTn9Cvojjaki95g/sm:1/w:427/h:320/cz/M6Ly9wcm9kLWNhd/GFsb2ctbWVkaWEvc2kvMS85NDQyMDQ5NUNBRDc3RDlCRDU5MDlDQjE/3NzU5RjY2NEJDQTMxQjNBRTVGMzI5MUVDQkYyMDM4MTFFQjlENUMwLmpwZw.jpg",
    "image_list": [
      "https://imgproxy-retcat.assets.schwarz/Xg5Y-dtdpunUpZuGXZAavJ3BBstMOTn9Cvojjaki95g/sm:1/w:427/h:320/cz/M6Ly9wcm9kLWNhd/GFsb2ctbWVkaWEvc2kvMS85NDQyMDQ5NUNBRDc3RDlCRDU5MDlDQjE/3NzU5RjY2NEJDQTMxQjNBRTVGMzI5MUVDQkYyMDM4MTFFQjlENUMwLmpwZw.jpg",
      "https://imgproxy-retcat.assets.schwarz/8vjWf8b9xHhI8JEFW_tF-ULfGI0zYDZ8PJ8e4SqmviE/sm:1/w:427/h:320/cz/M6Ly9wcm9kLWNhd/GFsb2ctbWVkaWEvc2kvMS85RTMzRkIzRTI3RTA4NTVCRENDQzVDMzR/DRDExQkRERDJFMzM3MjYwQ0JFMDQ1N0JCOUQxRkJBN0QzQjI1QzI1LmpwZw.jpg",
      "https://imgproxy-retcat.assets.schwarz/m_zBn_1Eeye7LUzykWfNrY8ySiGVuG5xCNvjpaBWegU/sm:1/w:427/h:320/cz/M6Ly9wcm9kLWNhd/GFsb2ctbWVkaWEvc2kvMS8zMkNEQTE2NTVCMzc4MjcxOTZDMTFERkV/DN0ZBMTg1OTkxRjM3MTgwNzc3MjUzQTQxQzQ1MkJCODk1M0VBMEQ0LmpwZw.jpg"
    ],
    "image_accessibility": "Štirje lončki sladoleda Talenti s tremi različnimi okusi.",
    "detailed_images": [
      {
        "url": "https://imgproxy-retcat.assets.schwarz/Xg5Y-dtdpunUpZuGXZAavJ3BBstMOTn9Cvojjaki95g/sm:1/w:427/h:320/cz/M6Ly9wcm9kLWNhd/GFsb2ctbWVkaWEvc2kvMS85NDQyMDQ5NUNBRDc3RDlCRDU5MDlDQjE/3NzU5RjY2NEJDQTMxQjNBRTVGMzI5MUVDQkYyMDM4MTFFQjlENUMwLmpwZw.jpg",
        "accessibility": "Štirje lončki sladoleda Talenti s tremi različnimi okusi."
      },
      {
        "url": "https://imgproxy-retcat.assets.schwarz/8vjWf8b9xHhI8JEFW_tF-ULfGI0zYDZ8PJ8e4SqmviE/sm:1/w:427/h:320/cz/M6Ly9wcm9kLWNhd/GFsb2ctbWVkaWEvc2kvMS85RTMzRkIzRTI3RTA4NTVCRENDQzVDMzR/DRDExQkRERDJFMzM3MjYwQ0JFMDQ1N0JCOUQxRkJBN0QzQjI1QzI1LmpwZw.jpg",
        "accessibility": "Posoda Bon Gelati čokoladnega sladoleda z browniejem."
      },
      {
        "url": "https://imgproxy-retcat.assets.schwarz/m_zBn_1Eeye7LUzykWfNrY8ySiGVuG5xCNvjpaBWegU/sm:1/w:427/h:320/cz/M6Ly9wcm9kLWNhd/GFsb2ctbWVkaWEvc2kvMS8zMkNEQTE2NTVCMzc4MjcxOTZDMTFERkV/DN0ZBMTg1OTkxRjM3MTgwNzc3MjUzQTQxQzQ1MkJCODk1M0VBMEQ0LmpwZw.jpg",
        "accessibility": "Bon Gelati sladoled s okusom sirovega kolača."
      }
    ],
    "analytics_category": "Food",
    "more_details": "Dodatne podrobnosti o izdelku",
    "won_category_primary": "Svetovi potreb/Hrana in bližnja hrana/Zamrznjena hrana (Zamrznjena hrana)",
    "won_category_primary_path": "0/17/1716",
    "canonical_path": "/p/bon-gelati-premium-mesani-sladoled/p10079464",
    "canonical_url": "/p/bon-gelati-premium-mesani-sladoled/p10079464",
    "awards": [],
    "seals": [],
    "ribbons": [],
    "highlighted_seals": 0,
    "lidl_plus": [],
    "regions": [],
    "ians": [
      "206710"
    ],
    "show_brand": true,
    "deal_of_day_active": false,
    "full_title_meta": "BON GELATI Premium mešani sladoled",
    "lists": [
      4991
    ],
    "preview": false,
    "category_breadcrumbs": [
      {
        "id": "10068374",
        "name": "Hrana in pijača",
        "url": "/c/hrana-in-pijaca/s10068374",
        "hidden": false
      },
      {
        "id": "10071049",
        "name": "Zamrznjena hrana",
        "url": "/h/zamrznjena-hrana/h10071049",
        "hidden": false
      }
    ],
    "campaigns": [
      {
        "id": "Current_Sales_Week",
        "name": "Ta teden",
        "url": null,
        "hidden": false
      },
      {
        "id": "10072826",
        "name": "Tvoja osvežitev se začne v Lidlu.",
        "url": "/c/tvoja-osvezitev-se-zacne-v-lidlu/a10072826",
        "hidden": false
      }
    ],
    "world_of_needs_code": "1716",
    "world_of_needs_name": "Zamrznjena hrana (Zamrznjena hrana)",
    "world_of_needs_parent": "17",
    "is_main_category": true,
    "super_categories": [
      {
        "code": "17",
        "name": "Hrana in bližnja hrana",
        "parent": "0"
      },
      {
        "code": "0",
        "name": "Svetovi potreb",
        "parent": ""
      }
    ],
    "position": 42,
    "tracking_payload": {
      "searchTrackingMasterId": "Product.10079464",
      "searchTrackingTitle": "Premium+me%C5%A1ani+sladoled",
      "searchTrackingPageSize": 100,
      "searchTrackingPage": 1,
      "searchTrackingEvent": "click",
      "list": "search",
      "searchTrackingId": "Product.10079464",
      "searchTrackingOrigPos": 1,
      "searchTrackingPos": 42,
      "searchTrackingOrigPageSize": 100,
      "searchTrackingChannel": "SI",
      "category": "Food"
    }
  },
  {
    "code": "10080257",
    "name": "Sveža zavita klobasa za žar",
    "url": "",
    "result_class": "product",
    "type": "product",
    "product_id": 10080257,
    "erp_number": "10080257",
    "item_id": 10080257,
    "full_title": "ŽAR LEGENDE Sveža zavita klobasa za žar",
    "title": "Sveža zavita klobasa za žar",
    "category": "Food",
    "product_type": "RETAIL",
    "age_restriction": false,
    "is_used_product": false,
    "multipack": false,
    "online": false,
    "store": false,
    "quick_add_to_cart": false,
    "flash_sales": false,
    "having_videos": false,
    "having_threesixty": false,
    "price": 3.19,
    "old_price": 3.99,
    "currency_code": "EUR",
    "currency_symbol": "€",
    "has_star": true,
    "has_vat": false,
    "price_theme": "white_red",
    "variants_have_different_prices": false,
    "base_price_text": "1 kg = 7.09",
    "base_price_prefix": false,
    "packaging_text": "450 g",
    "discount_deleted_price": 3.99,
    "discount_text": "-20%",
    "discount_percentage": 20,
    "discount_has_star": false,
    "show_discount": true,
    "show_percentage": true,
    "from_recommended_price": false,
    "availability_indicator": 0,
    "online_available": false,
    "min_orderable_quantity": 1,
    "orderable_quantities": [],
    "badge_texts": [
      "V trgovini od 14.07. do 16.07."
    ],
    "badge_types": [
      "IN_STORE_FROM_FUTURE_DATE_RANGE"
    ],
    "main_image": "https://imgproxy-retcat.assets.schwarz/mg-hnPYBIiaUqKBrUVS4n-yW0PcjLFe01giGp-Thmn4/sm:1/w:427/h:320/cz/M6Ly9wcm9kLWNhd/GFsb2ctbWVkaWEvc2kvMS8zMThBMkNFNzU2MzgyNDZGQkM4QTRGNEZ/EMDlGRjUyQjI4QTEwOEM2RUVDNThFRjQ0NjdDNzU1MDA5RTYzQkE3LmpwZw.jpg",
    "image_list": [
      "https://imgproxy-retcat.assets.schwarz/mg-hnPYBIiaUqKBrUVS4n-yW0PcjLFe01giGp-Thmn4/sm:1/w:427/h:320/cz/M6Ly9wcm9kLWNhd/GFsb2ctbWVkaWEvc2kvMS8zMThBMkNFNzU2MzgyNDZGQkM4QTRGNEZ/EMDlGRjUyQjI4QTEwOEM2RUVDNThFRjQ0NjdDNzU1MDA5RTYzQkE3LmpwZw.jpg"
    ],
    "image_accessibility": "Žar Legende klobase na žaru.",
    "detailed_images": [
      {
        "url": "https://imgproxy-retcat.assets.schwarz/mg-hnPYBIiaUqKBrUVS4n-yW0PcjLFe01giGp-Thmn4/sm:1/w:427/h:320/cz/M6Ly9wcm9kLWNhd/GFsb2ctbWVkaWEvc2kvMS8zMThBMkNFNzU2MzgyNDZGQkM4QTRGNEZ/EMDlGRjUyQjI4QTEwOEM2RUVDNThFRjQ0NjdDNzU1MDA5RTYzQkE3LmpwZw.jpg",
        "accessibility": "Žar Legende klobase na žaru."
      }
    ],
    "analytics_category": "Food",
    "more_details": "Dodatne podrobnosti o izdelku",
    "won_category_primary": "Svetovi potreb/Hrana in bližnja hrana/Klobase in meso",
    "won_category_primary_path": "0/17/1717",
    "canonical_path": "/p/zar-legende-sveza-zavita-klobasa-za-zar/p10080257",
    "canonical_url": "/p/zar-legende-sveza-zavita-klobasa-za-zar/p10080257",
    "awards": [],
    "seals": [
      {
        "altText": "Slovenski izdelek",
        "image": "https://imgproxy-retcat.assets.schwarz/065GlWscfuyzRNlqdEjgEaZNE6893872XSglFaanlJA/sm:1/w:140/cz/M6Ly9wcm9kLWNhd/GFsb2ctbWVkaWEvc2kvMi83RTk4NkYyRDk1MTlDRUJBNzA1N0JGMzA/1QjA1NjUyRjVCMjMzNzZGRjY4MzVEREFGQzIwQzE5NDVFQUE5M0RCLnBuZw.png"
      }
    ],
    "ribbons": [],
    "highlighted_seals": 0,
    "lidl_plus": [],
    "regions": [],
    "ians": [
      "7304843"
    ],
    "show_brand": true,
    "deal_of_day_active": false,
    "full_title_meta": "ŽAR LEGENDE Sveža zavita klobasa za žar",
    "lists": [
      4991
    ],
    "preview": false,
    "category_breadcrumbs": [
      {
        "id": "10068374",
        "name": "Hrana in pijača",
        "url": "/c/hrana-in-pijaca/s10068374",
        "hidden": false
      },
      {
        "id": "10071016",
        "name": "Meso in mesni izdelki",
        "url": "/h/meso-in-mesni-izdelki/h10071016",
        "hidden": false
      }
    ],
    "campaigns": [
      {
        "id": "Next_Sales_Week",
        "name": "Naslednji teden",
        "url": null,
        "hidden": false
      },
      {
        "id": "10075264",
        "name": "Tvoja Lidl cena",
        "url": "/c/tvoja-lidl-cena/a10075264",
        "hidden": false
      }
    ],
    "world_of_needs_code": "1717",
    "world_of_needs_name": "Klobase in meso",
    "world_of_needs_parent": "17",
    "is_main_category": true,
    "super_categories": [
      {
        "code": "17",
        "name": "Hrana in bližnja hrana",
        "parent": "0"
      },
      {
        "code": "0",
        "name": "Svetovi potreb",
        "parent": ""
      }
    ],
    "position": 43,
    "tracking_payload": {
      "searchTrackingMasterId": "Product.10080257",
      "searchTrackingTitle": "Sve%C5%BEa+zavita+klobasa+za+%C5%BEar",
      "searchTrackingPageSize": 100,
      "searchTrackingPage": 1,
      "searchTrackingEvent": "click",
      "list": "search",
      "searchTrackingId": "Product.10080257",
      "searchTrackingOrigPos": 1,
      "searchTrackingPos": 43,
      "searchTrackingOrigPageSize": 100,
      "searchTrackingChannel": "SI",
      "category": "Food"
    }
  },
  {
    "code": "10082685",
    "name": "Proteinski sladoled",
    "url": "",
    "result_class": "product",
    "type": "product",
    "product_id": 10082685,
    "erp_number": "10082685",
    "item_id": 10082685,
    "full_title": "GELATELLI Proteinski sladoled",
    "title": "Proteinski sladoled",
    "category": "Food",
    "product_type": "RETAIL",
    "age_restriction": false,
    "is_used_product": false,
    "multipack": false,
    "online": false,
    "store": false,
    "quick_add_to_cart": false,
    "flash_sales": false,
    "having_videos": false,
    "having_threesixty": false,
    "price": 2.39,
    "old_price": 2.99,
    "currency_code": "EUR",
    "currency_symbol": "€",
    "has_star": true,
    "has_vat": false,
    "price_theme": "white_red",
    "variants_have_different_prices": false,
    "base_price_text": "1 l = 4.78",
    "base_price_prefix": false,
    "packaging_text": "500 ml",
    "discount_deleted_price": 2.99,
    "discount_text": "- 20 %",
    "discount_percentage": 20,
    "discount_has_star": false,
    "show_discount": true,
    "show_percentage": true,
    "from_recommended_price": false,
    "availability_indicator": 0,
    "online_available": false,
    "min_orderable_quantity": 1,
    "orderable_quantities": [],
    "badge_texts": [
      "V trgovini od 10.07. do 16.07."
    ],
    "badge_types": [
      "IN_STORE_FROM_FUTURE_DATE_RANGE"
    ],
    "main_image": "https://imgproxy-retcat.assets.schwarz/iNlO734-orlc5pW1sSMMeFEHCT2bzUQ52B2IjUtVaoo/sm:1/w:427/h:320/cz/M6Ly9wcm9kLWNhd/GFsb2ctbWVkaWEvc2kvMS8xOEZCOTlBRENBOUJDMUJGQzIwOEQ0RDQ/3RTdERDlBOUZGNDU2NkU1MDAwRkJEMzM4OTBFMzNDMzczOTlDQUZFLmpwZw.jpg",
    "image_list": [
      "https://imgproxy-retcat.assets.schwarz/iNlO734-orlc5pW1sSMMeFEHCT2bzUQ52B2IjUtVaoo/sm:1/w:427/h:320/cz/M6Ly9wcm9kLWNhd/GFsb2ctbWVkaWEvc2kvMS8xOEZCOTlBRENBOUJDMUJGQzIwOEQ0RDQ/3RTdERDlBOUZGNDU2NkU1MDAwRkJEMzM4OTBFMzNDMzczOTlDQUZFLmpwZw.jpg",
      "https://imgproxy-retcat.assets.schwarz/MNCO1A3gAueQz85P2Adcm0hwTNy3ebeqpcwRr59F2vU/sm:1/w:427/h:320/cz/M6Ly9wcm9kLWNhd/GFsb2ctbWVkaWEvc2kvMS8zQjhBOUIwQzA4ODNBMEUxRjQ5MjhBMDE/xMjc4NzYwMDZDODc1NUQ5RUQwMUIxRkRBMzg3Qzg5OUJFQTMxNjZFLmpwZw.jpg",
      "https://imgproxy-retcat.assets.schwarz/4N8ZC2p7wCrAa8kIGLrZAzUu-VSMURBTo2HWtrP9kvg/sm:1/w:427/h:320/cz/M6Ly9wcm9kLWNhd/GFsb2ctbWVkaWEvc2kvMS9BQ0EyMTE1RDA0MUFEQUQ1MDAwRTNCQUE/4NTgxQUUxMDQ0QUE4QUUzMzlFRTI5NTk2MTNBM0UzNjkzMjQ4NUU4LmpwZw.jpg"
    ],
    "image_accessibility": "Tri posode Oh!eat visoko beljakovinskih sladoledov v različnih okusih.",
    "detailed_images": [
      {
        "url": "https://imgproxy-retcat.assets.schwarz/iNlO734-orlc5pW1sSMMeFEHCT2bzUQ52B2IjUtVaoo/sm:1/w:427/h:320/cz/M6Ly9wcm9kLWNhd/GFsb2ctbWVkaWEvc2kvMS8xOEZCOTlBRENBOUJDMUJGQzIwOEQ0RDQ/3RTdERDlBOUZGNDU2NkU1MDAwRkJEMzM4OTBFMzNDMzczOTlDQUZFLmpwZw.jpg",
        "accessibility": "Tri posode Oh!eat visoko beljakovinskih sladoledov v različnih okusih."
      },
      {
        "url": "https://imgproxy-retcat.assets.schwarz/MNCO1A3gAueQz85P2Adcm0hwTNy3ebeqpcwRr59F2vU/sm:1/w:427/h:320/cz/M6Ly9wcm9kLWNhd/GFsb2ctbWVkaWEvc2kvMS8zQjhBOUIwQzA4ODNBMEUxRjQ5MjhBMDE/xMjc4NzYwMDZDODc1NUQ5RUQwMUIxRkRBMzg3Qzg5OUJFQTMxNjZFLmpwZw.jpg",
        "accessibility": "Celestial visoko beljakovinski sladoled s okusom slanega karamela."
      },
      {
        "url": "https://imgproxy-retcat.assets.schwarz/4N8ZC2p7wCrAa8kIGLrZAzUu-VSMURBTo2HWtrP9kvg/sm:1/w:427/h:320/cz/M6Ly9wcm9kLWNhd/GFsb2ctbWVkaWEvc2kvMS9BQ0EyMTE1RDA0MUFEQUQ1MDAwRTNCQUE/4NTgxQUUxMDQ0QUE4QUUzMzlFRTI5NTk2MTNBM0UzNjkzMjQ4NUU4LmpwZw.jpg",
        "accessibility": "Vedro visoko beljakovinskega sladoleda Cookies & Cream znamke Celcius."
      }
    ],
    "analytics_category": "Food",
    "more_details": "Dodatne podrobnosti o izdelku",
    "won_category_primary": "Svetovi potreb/Hrana in bližnja hrana/Zamrznjena hrana (Zamrznjena hrana)",
    "won_category_primary_path": "0/17/1716",
    "canonical_path": "/p/gelatelli-proteinski-sladoled/p10082685",
    "canonical_url": "/p/gelatelli-proteinski-sladoled/p10082685",
    "awards": [],
    "seals": [],
    "ribbons": [],
    "highlighted_seals": 0,
    "lidl_plus": [],
    "regions": [],
    "ians": [
      "153580"
    ],
    "show_brand": true,
    "deal_of_day_active": false,
    "full_title_meta": "GELATELLI Proteinski sladoled",
    "lists": [
      4991
    ],
    "preview": false,
    "category_breadcrumbs": [
      {
        "id": "10068374",
        "name": "Hrana in pijača",
        "url": "/c/hrana-in-pijaca/s10068374",
        "hidden": false
      },
      {
        "id": "10071049",
        "name": "Zamrznjena hrana",
        "url": "/h/zamrznjena-hrana/h10071049",
        "hidden": false
      }
    ],
    "campaigns": [
      {
        "id": "Current_Sales_Week",
        "name": "Ta teden",
        "url": null,
        "hidden": false
      },
      {
        "id": "10072826",
        "name": "Tvoja osvežitev se začne v Lidlu.",
        "url": "/c/tvoja-osvezitev-se-zacne-v-lidlu/a10072826",
        "hidden": false
      }
    ],
    "world_of_needs_code": "1716",
    "world_of_needs_name": "Zamrznjena hrana (Zamrznjena hrana)",
    "world_of_needs_parent": "17",
    "is_main_category": true,
    "super_categories": [
      {
        "code": "17",
        "name": "Hrana in bližnja hrana",
        "parent": "0"
      },
      {
        "code": "0",
        "name": "Svetovi potreb",
        "parent": ""
      }
    ],
    "position": 44,
    "tracking_payload": {
      "searchTrackingMasterId": "Product.10082685",
      "searchTrackingTitle": "Proteinski+sladoled",
      "searchTrackingPageSize": 100,
      "searchTrackingPage": 1,
      "searchTrackingEvent": "click",
      "list": "search",
      "searchTrackingId": "Product.10082685",
      "searchTrackingOrigPos": 1,
      "searchTrackingPos": 44,
      "searchTrackingOrigPageSize": 100,
      "searchTrackingChannel": "SI",
      "category": "Food"
    }
  },
  {
    "code": "10082689",
    "name": "Mešani sladoled",
    "url": "",
    "result_class": "product",
    "type": "product",
    "product_id": 10082689,
    "erp_number": "10082689",
    "item_id": 10082689,
    "full_title": "BALLINO/GELATELLI Mešani sladoled",
    "title": "Mešani sladoled",
    "category": "Food",
    "product_type": "RETAIL",
    "age_restriction": false,
    "is_used_product": false,
    "multipack": false,
    "online": false,
    "store": false,
    "quick_add_to_cart": false,
    "flash_sales": false,
    "having_videos": false,
    "having_threesixty": false,
    "price": 3.19,
    "old_price": 3.99,
    "currency_code": "EUR",
    "currency_symbol": "€",
    "has_star": true,
    "has_vat": false,
    "price_theme": "white_red",
    "variants_have_different_prices": false,
    "base_price_text": "1 l = 1.93",
    "base_price_prefix": false,
    "packaging_text": "1650 ml",
    "discount_deleted_price": 3.99,
    "discount_text": "- 20 %",
    "discount_percentage": 20,
    "discount_has_star": false,
    "show_discount": true,
    "show_percentage": true,
    "from_recommended_price": false,
    "availability_indicator": 0,
    "online_available": false,
    "min_orderable_quantity": 1,
    "orderable_quantities": [],
    "badge_texts": [
      "V trgovini od 10.07. do 16.07."
    ],
    "badge_types": [
      "IN_STORE_FROM_FUTURE_DATE_RANGE"
    ],
    "main_image": "https://imgproxy-retcat.assets.schwarz/01wO_G8gcOeIIiRRkl1SAHQhmzBpuSiS6ThGF_ehKIo/sm:1/w:427/h:320/cz/M6Ly9wcm9kLWNhd/GFsb2ctbWVkaWEvc2kvMS8wRTkyRTJEOEI3QUFBQUM5QTA4NUZBQTY/xOEY0QkY4N0FGMkJFMUQzNEY2RUEzNzI2NUUwODExNzIxNzU5REY2LmpwZw.jpg",
    "image_list": [
      "https://imgproxy-retcat.assets.schwarz/01wO_G8gcOeIIiRRkl1SAHQhmzBpuSiS6ThGF_ehKIo/sm:1/w:427/h:320/cz/M6Ly9wcm9kLWNhd/GFsb2ctbWVkaWEvc2kvMS8wRTkyRTJEOEI3QUFBQUM5QTA4NUZBQTY/xOEY0QkY4N0FGMkJFMUQzNEY2RUEzNzI2NUUwODExNzIxNzU5REY2LmpwZw.jpg",
      "https://imgproxy-retcat.assets.schwarz/Bw-EDOd6NMNDupfSXW9VZgrzhFBZK2HNaopXVvVjK6w/sm:1/w:427/h:320/cz/M6Ly9wcm9kLWNhd/GFsb2ctbWVkaWEvc2kvMS81NEUzNkUwMTkzM0E5OTIxRjkyRkVBMkE/4OEUzNjZCNzhDOTBDOERENzJEQjI1RTMyREE0NDM1MkFEMzQwQTM2LmpwZw.jpg",
      "https://imgproxy-retcat.assets.schwarz/07oj2q5GleAHzxAsOlT8sn9DbndM5DXWbqap_I9c15M/sm:1/w:427/h:320/cz/M6Ly9wcm9kLWNhd/GFsb2ctbWVkaWEvc2kvMS9CNUEwNTVGRjJDRDhFRjI5RUVFMkUzQjI/zRkY5QTIwMUZBNzU5REY1QTE4NUYyODFBN0I0Njg1RjlDQzYzMENELmpwZw.jpg"
    ],
    "image_accessibility": "Dve posodi sladoleda, ena z jagodami in druga z okusom čokolade.",
    "detailed_images": [
      {
        "url": "https://imgproxy-retcat.assets.schwarz/01wO_G8gcOeIIiRRkl1SAHQhmzBpuSiS6ThGF_ehKIo/sm:1/w:427/h:320/cz/M6Ly9wcm9kLWNhd/GFsb2ctbWVkaWEvc2kvMS8wRTkyRTJEOEI3QUFBQUM5QTA4NUZBQTY/xOEY0QkY4N0FGMkJFMUQzNEY2RUEzNzI2NUUwODExNzIxNzU5REY2LmpwZw.jpg",
        "accessibility": "Dve posodi sladoleda, ena z jagodami in druga z okusom čokolade."
      },
      {
        "url": "https://imgproxy-retcat.assets.schwarz/Bw-EDOd6NMNDupfSXW9VZgrzhFBZK2HNaopXVvVjK6w/sm:1/w:427/h:320/cz/M6Ly9wcm9kLWNhd/GFsb2ctbWVkaWEvc2kvMS81NEUzNkUwMTkzM0E5OTIxRjkyRkVBMkE/4OEUzNjZCNzhDOTBDOERENzJEQjI1RTMyREE0NDM1MkFEMzQwQTM2LmpwZw.jpg",
        "accessibility": "Kremna sladoledna posoda z jagodami in čokolado."
      },
      {
        "url": "https://imgproxy-retcat.assets.schwarz/07oj2q5GleAHzxAsOlT8sn9DbndM5DXWbqap_I9c15M/sm:1/w:427/h:320/cz/M6Ly9wcm9kLWNhd/GFsb2ctbWVkaWEvc2kvMS9CNUEwNTVGRjJDRDhFRjI5RUVFMkUzQjI/zRkY5QTIwMUZBNzU5REY1QTE4NUYyODFBN0I0Njg1RjlDQzYzMENELmpwZw.jpg",
        "accessibility": "Ghirardelli čokoladni mešani piškoti v pakiranju z vzorcem."
      }
    ],
    "analytics_category": "Food",
    "more_details": "Dodatne podrobnosti o izdelku",
    "won_category_primary": "Svetovi potreb/Hrana in bližnja hrana/Zamrznjena hrana (Zamrznjena hrana)",
    "won_category_primary_path": "0/17/1716",
    "canonical_path": "/p/ballino-gelatelli-mesani-sladoled/p10082689",
    "canonical_url": "/p/ballino-gelatelli-mesani-sladoled/p10082689",
    "awards": [],
    "seals": [
      {
        "altText": "Slovenski izdelek",
        "image": "https://imgproxy-retcat.assets.schwarz/065GlWscfuyzRNlqdEjgEaZNE6893872XSglFaanlJA/sm:1/w:140/cz/M6Ly9wcm9kLWNhd/GFsb2ctbWVkaWEvc2kvMi83RTk4NkYyRDk1MTlDRUJBNzA1N0JGMzA/1QjA1NjUyRjVCMjMzNzZGRjY4MzVEREFGQzIwQzE5NDVFQUE5M0RCLnBuZw.png"
      }
    ],
    "ribbons": [],
    "highlighted_seals": 0,
    "lidl_plus": [],
    "regions": [],
    "ians": [
      "189576"
    ],
    "show_brand": true,
    "deal_of_day_active": false,
    "full_title_meta": "BALLINO/GELATELLI Mešani sladoled",
    "lists": [
      4991
    ],
    "preview": false,
    "category_breadcrumbs": [
      {
        "id": "10068374",
        "name": "Hrana in pijača",
        "url": "/c/hrana-in-pijaca/s10068374",
        "hidden": false
      },
      {
        "id": "10071049",
        "name": "Zamrznjena hrana",
        "url": "/h/zamrznjena-hrana/h10071049",
        "hidden": false
      }
    ],
    "campaigns": [
      {
        "id": "Current_Sales_Week",
        "name": "Ta teden",
        "url": null,
        "hidden": false
      },
      {
        "id": "10072826",
        "name": "Tvoja osvežitev se začne v Lidlu.",
        "url": "/c/tvoja-osvezitev-se-zacne-v-lidlu/a10072826",
        "hidden": false
      }
    ],
    "world_of_needs_code": "1716",
    "world_of_needs_name": "Zamrznjena hrana (Zamrznjena hrana)",
    "world_of_needs_parent": "17",
    "is_main_category": true,
    "super_categories": [
      {
        "code": "17",
        "name": "Hrana in bližnja hrana",
        "parent": "0"
      },
      {
        "code": "0",
        "name": "Svetovi potreb",
        "parent": ""
      }
    ],
    "position": 45,
    "tracking_payload": {
      "searchTrackingMasterId": "Product.10082689",
      "searchTrackingTitle": "Me%C5%A1ani+sladoled",
      "searchTrackingPageSize": 100,
      "searchTrackingPage": 1,
      "searchTrackingEvent": "click",
      "list": "search",
      "searchTrackingId": "Product.10082689",
      "searchTrackingOrigPos": 1,
      "searchTrackingPos": 45,
      "searchTrackingOrigPageSize": 100,
      "searchTrackingChannel": "SI",
      "category": "Food"
    }
  },
  {
    "code": "10082387",
    "name": "Galia melona",
    "url": "",
    "result_class": "product",
    "type": "product",
    "product_id": 10082387,
    "erp_number": "10082387",
    "item_id": 10082387,
    "full_title": "Galia melona",
    "title": "Galia melona",
    "category": "Food",
    "product_type": "RETAIL",
    "age_restriction": false,
    "is_used_product": false,
    "multipack": false,
    "online": false,
    "store": true,
    "quick_add_to_cart": false,
    "flash_sales": false,
    "having_videos": false,
    "having_threesixty": false,
    "price": 1.49,
    "old_price": 1.99,
    "currency_code": "EUR",
    "currency_symbol": "€",
    "has_star": true,
    "has_vat": false,
    "price_theme": "white_red",
    "variants_have_different_prices": false,
    "base_price_text": null,
    "base_price_prefix": null,
    "packaging_text": "za kg",
    "discount_deleted_price": 1.99,
    "discount_text": "- 25 %",
    "discount_percentage": 25,
    "discount_has_star": false,
    "show_discount": true,
    "show_percentage": true,
    "from_recommended_price": false,
    "availability_indicator": 0,
    "online_available": false,
    "min_orderable_quantity": 1,
    "orderable_quantities": [],
    "badge_texts": [
      "V trgovini od 07.07. do 09.07."
    ],
    "badge_types": [
      "IN_STORE_TODAY_DATE_RANGE"
    ],
    "main_image": "https://imgproxy-retcat.assets.schwarz/4UMn75Iw5UofjlTLgU91KnF7dyy-h4brBTJb0U64N8E/sm:1/w:427/h:320/cz/M6Ly9wcm9kLWNhd/GFsb2ctbWVkaWEvc2kvMS84NzM1NDc5MEQ0OTQ2RTRBMkQ3OUNGOEJ/GQTJCRUZFMkZDRDhCRkFFREU4OUVCMDRFOENCNjIxNjkyOEFFNDcwLmpwZw.jpg",
    "image_list": [
      "https://imgproxy-retcat.assets.schwarz/4UMn75Iw5UofjlTLgU91KnF7dyy-h4brBTJb0U64N8E/sm:1/w:427/h:320/cz/M6Ly9wcm9kLWNhd/GFsb2ctbWVkaWEvc2kvMS84NzM1NDc5MEQ0OTQ2RTRBMkQ3OUNGOEJ/GQTJCRUZFMkZDRDhCRkFFREU4OUVCMDRFOENCNjIxNjkyOEFFNDcwLmpwZw.jpg"
    ],
    "image_accessibility": "Dve zreli rumeni in ena razrezana zelena melona na lesenem podstavku.",
    "detailed_images": [
      {
        "url": "https://imgproxy-retcat.assets.schwarz/4UMn75Iw5UofjlTLgU91KnF7dyy-h4brBTJb0U64N8E/sm:1/w:427/h:320/cz/M6Ly9wcm9kLWNhd/GFsb2ctbWVkaWEvc2kvMS84NzM1NDc5MEQ0OTQ2RTRBMkQ3OUNGOEJ/GQTJCRUZFMkZDRDhCRkFFREU4OUVCMDRFOENCNjIxNjkyOEFFNDcwLmpwZw.jpg",
        "accessibility": "Dve zreli rumeni in ena razrezana zelena melona na lesenem podstavku."
      }
    ],
    "analytics_category": "Food",
    "more_details": "Dodatne podrobnosti o izdelku",
    "won_category_primary": "Svetovi potreb/Hrana in bližnja hrana/Sadje in zelenjava",
    "won_category_primary_path": "0/17/1710",
    "canonical_path": "/p/galia-melona/p10082387",
    "canonical_url": "/p/galia-melona/p10082387",
    "awards": [],
    "seals": [],
    "ribbons": [],
    "highlighted_seals": 0,
    "lidl_plus": [],
    "regions": [],
    "ians": [
      "80545"
    ],
    "show_brand": false,
    "deal_of_day_active": false,
    "full_title_meta": "Galia melona",
    "lists": [
      4986
    ],
    "preview": false,
    "category_breadcrumbs": [
      {
        "id": "10068374",
        "name": "Hrana in pijača",
        "url": "/c/hrana-in-pijaca/s10068374",
        "hidden": false
      },
      {
        "id": "10071012",
        "name": "Sadje in zelenjava",
        "url": "/h/sadje-in-zelenjava/h10071012",
        "hidden": false
      }
    ],
    "campaigns": [
      {
        "id": "Current_Sales_Week",
        "name": "Ta teden",
        "url": null,
        "hidden": false
      },
      {
        "id": "10074822",
        "name": "Tvoja Lidl cena",
        "url": "/c/tvoja-lidl-cena/a10074822",
        "hidden": false
      }
    ],
    "world_of_needs_code": "1710",
    "world_of_needs_name": "Sadje in zelenjava",
    "world_of_needs_parent": "17",
    "is_main_category": true,
    "super_categories": [
      {
        "code": "17",
        "name": "Hrana in bližnja hrana",
        "parent": "0"
      },
      {
        "code": "0",
        "name": "Svetovi potreb",
        "parent": ""
      }
    ],
    "position": 46,
    "tracking_payload": {
      "searchTrackingMasterId": "Product.10082387",
      "searchTrackingTitle": "Galia+melona",
      "searchTrackingPageSize": 100,
      "searchTrackingPage": 1,
      "searchTrackingEvent": "click",
      "list": "search",
      "searchTrackingId": "Product.10082387",
      "searchTrackingOrigPos": 1,
      "searchTrackingPos": 46,
      "searchTrackingOrigPageSize": 100,
      "searchTrackingChannel": "SI",
      "category": "Food"
    }
  },
  {
    "code": "10078402",
    "name": "Štručka s semeni",
    "url": "",
    "result_class": "product",
    "type": "product",
    "product_id": 10078402,
    "erp_number": "10078402",
    "item_id": 10078402,
    "full_title": "Štručka s semeni",
    "title": "Štručka s semeni",
    "category": "Food",
    "product_type": "RETAIL",
    "age_restriction": false,
    "is_used_product": false,
    "multipack": false,
    "online": false,
    "store": true,
    "quick_add_to_cart": false,
    "flash_sales": false,
    "having_videos": false,
    "having_threesixty": false,
    "price": 0.29,
    "old_price": 0.39,
    "currency_code": "EUR",
    "currency_symbol": "€",
    "has_star": true,
    "has_vat": false,
    "price_theme": "white_red",
    "variants_have_different_prices": false,
    "base_price_text": "1 kg = 3.63",
    "base_price_prefix": false,
    "packaging_text": "80 g",
    "discount_deleted_price": 0.39,
    "discount_text": "- 25 %",
    "discount_percentage": 25,
    "discount_has_star": false,
    "show_discount": true,
    "show_percentage": true,
    "from_recommended_price": false,
    "availability_indicator": 0,
    "online_available": false,
    "min_orderable_quantity": 1,
    "orderable_quantities": [],
    "badge_texts": [
      "V trgovini od 03.07. do 09.07."
    ],
    "badge_types": [
      "IN_STORE_PAST_DATE_RANGE"
    ],
    "main_image": "https://imgproxy-retcat.assets.schwarz/iaVLN8gl25oAFrQsawemybGo-A4m6UCLHsArAoxzqPc/sm:1/w:427/h:320/cz/M6Ly9wcm9kLWNhd/GFsb2ctbWVkaWEvc2kvMS9ENTlGQkYyNEM1Rjg4NUQ5NUQ1MjVGQTQ/yREFEN0ExMEU4NDUwNUVBRkE0RkNEOTMwQjhBN0I4NTBBQUExMTkwLmpwZw.jpg",
    "image_list": [
      "https://imgproxy-retcat.assets.schwarz/iaVLN8gl25oAFrQsawemybGo-A4m6UCLHsArAoxzqPc/sm:1/w:427/h:320/cz/M6Ly9wcm9kLWNhd/GFsb2ctbWVkaWEvc2kvMS9ENTlGQkYyNEM1Rjg4NUQ5NUQ1MjVGQTQ/yREFEN0ExMEU4NDUwNUVBRkE0RkNEOTMwQjhBN0I4NTBBQUExMTkwLmpwZw.jpg"
    ],
    "image_accessibility": "Trije semenski žemljki v pletenem košarčku.",
    "detailed_images": [
      {
        "url": "https://imgproxy-retcat.assets.schwarz/iaVLN8gl25oAFrQsawemybGo-A4m6UCLHsArAoxzqPc/sm:1/w:427/h:320/cz/M6Ly9wcm9kLWNhd/GFsb2ctbWVkaWEvc2kvMS9ENTlGQkYyNEM1Rjg4NUQ5NUQ1MjVGQTQ/yREFEN0ExMEU4NDUwNUVBRkE0RkNEOTMwQjhBN0I4NTBBQUExMTkwLmpwZw.jpg",
        "accessibility": "Trije semenski žemljki v pletenem košarčku."
      }
    ],
    "analytics_category": "Food",
    "more_details": "Dodatne podrobnosti o izdelku",
    "won_category_primary": "Svetovi potreb/Hrana in bližnja hrana/Jajca in osnovna živila (testenine, moka, stročnice itd.)",
    "won_category_primary_path": "0/17/1715",
    "canonical_path": "/p/strucka-s-semeni/p10078402",
    "canonical_url": "/p/strucka-s-semeni/p10078402",
    "awards": [],
    "seals": [],
    "ribbons": [],
    "highlighted_seals": 0,
    "lidl_plus": [],
    "regions": [],
    "ians": [
      "44951"
    ],
    "show_brand": false,
    "deal_of_day_active": false,
    "full_title_meta": "Štručka s semeni",
    "lists": [
      4986
    ],
    "preview": false,
    "category_breadcrumbs": [
      {
        "id": "10068374",
        "name": "Hrana in pijača",
        "url": "/c/hrana-in-pijaca/s10068374",
        "hidden": false
      },
      {
        "id": "10071045",
        "name": "Jajca in osnovna živila",
        "url": "/h/jajca-in-osnovna-zivila/h10071045",
        "hidden": false
      }
    ],
    "campaigns": [
      {
        "id": "Current_Sales_Week",
        "name": "Ta teden",
        "url": null,
        "hidden": false
      },
      {
        "id": "10074808",
        "name": "Tvoja Lidl cena",
        "url": "/c/tvoja-lidl-cena/a10074808",
        "hidden": false
      }
    ],
    "world_of_needs_code": "1715",
    "world_of_needs_name": "Jajca in osnovna živila (testenine, moka, stročnice itd.)",
    "world_of_needs_parent": "17",
    "is_main_category": true,
    "super_categories": [
      {
        "code": "17",
        "name": "Hrana in bližnja hrana",
        "parent": "0"
      },
      {
        "code": "0",
        "name": "Svetovi potreb",
        "parent": ""
      }
    ],
    "position": 47,
    "tracking_payload": {
      "searchTrackingMasterId": "Product.10078402",
      "searchTrackingTitle": "%C5%A0tru%C4%8Dka+s+semeni",
      "searchTrackingPageSize": 100,
      "searchTrackingPage": 1,
      "searchTrackingEvent": "click",
      "list": "search",
      "searchTrackingId": "Product.10078402",
      "searchTrackingOrigPos": 1,
      "searchTrackingPos": 47,
      "searchTrackingOrigPageSize": 100,
      "searchTrackingChannel": "SI",
      "category": "Food"
    }
  },
  {
    "code": "10081996",
    "name": "Sardine v olivnem olju",
    "url": "",
    "result_class": "product",
    "type": "product",
    "product_id": 10081996,
    "erp_number": "10081996",
    "item_id": 10081996,
    "full_title": "NIXE Sardine v olivnem olju",
    "title": "Sardine v olivnem olju",
    "category": "Food",
    "product_type": "RETAIL",
    "age_restriction": false,
    "is_used_product": false,
    "multipack": false,
    "online": false,
    "store": true,
    "quick_add_to_cart": false,
    "flash_sales": false,
    "having_videos": false,
    "having_threesixty": false,
    "price": 0.89,
    "old_price": 1.19,
    "currency_code": "EUR",
    "currency_symbol": "€",
    "has_star": true,
    "has_vat": false,
    "price_theme": "white_red",
    "variants_have_different_prices": false,
    "base_price_text": "1 kg = 7.12",
    "base_price_prefix": false,
    "packaging_text": "125 g",
    "discount_deleted_price": 1.19,
    "discount_text": "- 25 %",
    "discount_percentage": 25,
    "discount_has_star": false,
    "show_discount": true,
    "show_percentage": true,
    "from_recommended_price": false,
    "availability_indicator": 0,
    "online_available": false,
    "min_orderable_quantity": 1,
    "orderable_quantities": [],
    "badge_texts": [
      "V trgovini od 03.07. do 09.07."
    ],
    "badge_types": [
      "IN_STORE_PAST_DATE_RANGE"
    ],
    "main_image": "https://imgproxy-retcat.assets.schwarz/ph-IMQUCcjValRjSHrEokOuPFxnAxrHReB457UoMnD0/sm:1/w:427/h:320/cz/M6Ly9wcm9kLWNhd/GFsb2ctbWVkaWEvc2kvMS9DNkQzNThBMzlGM0IyQjE5MzU2RjZFNEF/GRDYzMUJFOTEyQjAwQjRCRUVCNzAxOTA5QTExRkFBODIwNzhDMzgzLmpwZw.jpg",
    "image_list": [
      "https://imgproxy-retcat.assets.schwarz/ph-IMQUCcjValRjSHrEokOuPFxnAxrHReB457UoMnD0/sm:1/w:427/h:320/cz/M6Ly9wcm9kLWNhd/GFsb2ctbWVkaWEvc2kvMS9DNkQzNThBMzlGM0IyQjE5MzU2RjZFNEF/GRDYzMUJFOTEyQjAwQjRCRUVCNzAxOTA5QTExRkFBODIwNzhDMzgzLmpwZw.jpg"
    ],
    "image_accessibility": "Konzerva sardel Nixe v olivnem olju.",
    "detailed_images": [
      {
        "url": "https://imgproxy-retcat.assets.schwarz/ph-IMQUCcjValRjSHrEokOuPFxnAxrHReB457UoMnD0/sm:1/w:427/h:320/cz/M6Ly9wcm9kLWNhd/GFsb2ctbWVkaWEvc2kvMS9DNkQzNThBMzlGM0IyQjE5MzU2RjZFNEF/GRDYzMUJFOTEyQjAwQjRCRUVCNzAxOTA5QTExRkFBODIwNzhDMzgzLmpwZw.jpg",
        "accessibility": "Konzerva sardel Nixe v olivnem olju."
      }
    ],
    "analytics_category": "Food",
    "more_details": "Dodatne podrobnosti o izdelku",
    "won_category_primary": "Svetovi potreb/Hrana in bližnja hrana/Ribe in morski sadeži",
    "won_category_primary_path": "0/17/1733",
    "canonical_path": "/p/nixe-sardine-v-olivnem-olju/p10081996",
    "canonical_url": "/p/nixe-sardine-v-olivnem-olju/p10081996",
    "awards": [],
    "seals": [],
    "ribbons": [],
    "highlighted_seals": 0,
    "lidl_plus": [],
    "regions": [],
    "ians": [
      "28702"
    ],
    "show_brand": true,
    "deal_of_day_active": false,
    "full_title_meta": "NIXE Sardine v olivnem olju",
    "lists": [
      4986
    ],
    "preview": false,
    "category_breadcrumbs": [
      {
        "id": "10068374",
        "name": "Hrana in pijača",
        "url": "/c/hrana-in-pijaca/s10068374",
        "hidden": false
      },
      {
        "id": "10071050",
        "name": "Ribe in morski sadeži",
        "url": "/h/ribe-in-morski-sadezi/h10071050",
        "hidden": false
      }
    ],
    "campaigns": [
      {
        "id": "Current_Sales_Week",
        "name": "Ta teden",
        "url": null,
        "hidden": false
      },
      {
        "id": "10074808",
        "name": "Tvoja Lidl cena",
        "url": "/c/tvoja-lidl-cena/a10074808",
        "hidden": false
      }
    ],
    "world_of_needs_code": "1733",
    "world_of_needs_name": "Ribe in morski sadeži",
    "world_of_needs_parent": "17",
    "is_main_category": true,
    "super_categories": [
      {
        "code": "17",
        "name": "Hrana in bližnja hrana",
        "parent": "0"
      },
      {
        "code": "0",
        "name": "Svetovi potreb",
        "parent": ""
      }
    ],
    "position": 48,
    "tracking_payload": {
      "searchTrackingMasterId": "Product.10081996",
      "searchTrackingTitle": "Sardine+v+olivnem+olju",
      "searchTrackingPageSize": 100,
      "searchTrackingPage": 1,
      "searchTrackingEvent": "click",
      "list": "search",
      "searchTrackingId": "Product.10081996",
      "searchTrackingOrigPos": 1,
      "searchTrackingPos": 48,
      "searchTrackingOrigPageSize": 100,
      "searchTrackingChannel": "SI",
      "category": "Food"
    }
  },
  {
    "code": "10082140",
    "name": "Margarina v kocki",
    "url": "",
    "result_class": "product",
    "type": "product",
    "product_id": 10082140,
    "erp_number": "10082140",
    "item_id": 10082140,
    "full_title": "VITA D‘OR Margarina v kocki",
    "title": "Margarina v kocki",
    "category": "Food",
    "product_type": "RETAIL",
    "age_restriction": false,
    "is_used_product": false,
    "multipack": false,
    "online": false,
    "store": true,
    "quick_add_to_cart": false,
    "flash_sales": false,
    "having_videos": false,
    "having_threesixty": false,
    "price": 0.49,
    "old_price": 0.65,
    "currency_code": "EUR",
    "currency_symbol": "€",
    "has_star": true,
    "has_vat": false,
    "price_theme": "white_red",
    "variants_have_different_prices": false,
    "base_price_text": "1 kg = 1.96",
    "base_price_prefix": false,
    "packaging_text": "250 g",
    "discount_deleted_price": 0.65,
    "discount_text": "- 24 %",
    "discount_percentage": 24,
    "discount_has_star": false,
    "show_discount": true,
    "show_percentage": true,
    "from_recommended_price": false,
    "availability_indicator": 0,
    "online_available": false,
    "min_orderable_quantity": 1,
    "orderable_quantities": [],
    "badge_texts": [
      "V trgovini od 03.07."
    ],
    "badge_types": [
      "IN_STORE_FROM_DATE_PAST"
    ],
    "main_image": "https://imgproxy-retcat.assets.schwarz/XcfDiPVxhmQKOsK7S-Xjq_xaILeV9daFGsF1JCyrG7Q/sm:1/w:427/h:320/cz/M6Ly9wcm9kLWNhd/GFsb2ctbWVkaWEvc2kvMS83MkU2MjAzODA2MTFDQjM4MEM0RDM4NTE/0RUI4QTQ3OEU2QUE2OUUzRjExNTQ4QTEyM0FCQzY0MTkyRDM5Q0MxLmpwZw.jpg",
    "image_list": [
      "https://imgproxy-retcat.assets.schwarz/XcfDiPVxhmQKOsK7S-Xjq_xaILeV9daFGsF1JCyrG7Q/sm:1/w:427/h:320/cz/M6Ly9wcm9kLWNhd/GFsb2ctbWVkaWEvc2kvMS83MkU2MjAzODA2MTFDQjM4MEM0RDM4NTE/0RUI4QTQ3OEU2QUE2OUUzRjExNTQ4QTEyM0FCQzY0MTkyRDM5Q0MxLmpwZw.jpg"
    ],
    "image_accessibility": "Pakiranje VitaDor masla za peko in kuhanje (250g).",
    "detailed_images": [
      {
        "url": "https://imgproxy-retcat.assets.schwarz/XcfDiPVxhmQKOsK7S-Xjq_xaILeV9daFGsF1JCyrG7Q/sm:1/w:427/h:320/cz/M6Ly9wcm9kLWNhd/GFsb2ctbWVkaWEvc2kvMS83MkU2MjAzODA2MTFDQjM4MEM0RDM4NTE/0RUI4QTQ3OEU2QUE2OUUzRjExNTQ4QTEyM0FCQzY0MTkyRDM5Q0MxLmpwZw.jpg",
        "accessibility": "Pakiranje VitaDor masla za peko in kuhanje (250g)."
      }
    ],
    "analytics_category": "Food",
    "more_details": "Dodatne podrobnosti o izdelku",
    "won_category_primary": "Svetovi potreb/Hrana in bližnja hrana/Maščobe, olja, kis in konzerve",
    "won_category_primary_path": "0/17/1735",
    "canonical_path": "/p/vita-d-or-margarina-v-kocki/p10082140",
    "canonical_url": "/p/vita-d-or-margarina-v-kocki/p10082140",
    "awards": [],
    "seals": [
      {
        "altText": "Nalepka: Hlajeno",
        "image": "https://imgproxy-retcat.assets.schwarz/7x3Iby7aD19hFySDnP2YoXt7E1r0JrvJVj0QO1gUOes/sm:1/w:140/cz/M6Ly9wcm9kLWNhd/GFsb2ctbWVkaWEvc2kvMi8xMzFBN0E2RDlCREZGREQxOEE2OTFDNEZ/FNDE5RTM0QUMxQjY4OEQ0OUY2QTAxMTRDRjQ1RjdCNTNDRjM2NUJBLnBuZw.png"
      }
    ],
    "ribbons": [],
    "highlighted_seals": 0,
    "lidl_plus": [],
    "regions": [],
    "ians": [
      "5517827"
    ],
    "show_brand": true,
    "deal_of_day_active": false,
    "full_title_meta": "VITA D‘OR Margarina v kocki",
    "lists": [
      4986
    ],
    "preview": false,
    "category_breadcrumbs": [
      {
        "id": "10068374",
        "name": "Hrana in pijača",
        "url": "/c/hrana-in-pijaca/s10068374",
        "hidden": false
      },
      {
        "id": "10071681",
        "name": "Maščobe, olja, kis in konzerve",
        "url": "/h/mascobe-olja-kis-in-konzerve/h10071681",
        "hidden": false
      }
    ],
    "campaigns": [
      {
        "id": "Current_Sales_Week",
        "name": "Ta teden",
        "url": null,
        "hidden": false
      },
      {
        "id": "10074993",
        "name": "Eko ali Bio",
        "url": "/c/eko-ali-bio/a10074993",
        "hidden": false
      }
    ],
    "world_of_needs_code": "1735",
    "world_of_needs_name": "Maščobe, olja, kis in konzerve",
    "world_of_needs_parent": "17",
    "is_main_category": true,
    "super_categories": [
      {
        "code": "17",
        "name": "Hrana in bližnja hrana",
        "parent": "0"
      },
      {
        "code": "0",
        "name": "Svetovi potreb",
        "parent": ""
      }
    ],
    "position": 49,
    "tracking_payload": {
      "searchTrackingMasterId": "Product.10082140",
      "searchTrackingTitle": "Margarina+v+kocki",
      "searchTrackingPageSize": 100,
      "searchTrackingPage": 1,
      "searchTrackingEvent": "click",
      "list": "search",
      "searchTrackingId": "Product.10082140",
      "searchTrackingOrigPos": 1,
      "searchTrackingPos": 49,
      "searchTrackingOrigPageSize": 100,
      "searchTrackingChannel": "SI",
      "category": "Food"
    }
  },
  {
    "code": "10082104",
    "name": "Veganski sladoled",
    "url": "",
    "result_class": "product",
    "type": "product",
    "product_id": 10082104,
    "erp_number": "10082104",
    "item_id": 10082104,
    "full_title": "VEMONDO Veganski sladoled",
    "title": "Veganski sladoled",
    "category": "Food",
    "product_type": "RETAIL",
    "age_restriction": false,
    "is_used_product": false,
    "multipack": false,
    "online": false,
    "store": true,
    "quick_add_to_cart": false,
    "flash_sales": false,
    "having_videos": false,
    "having_threesixty": false,
    "price": 1.99,
    "old_price": 2.59,
    "currency_code": "EUR",
    "currency_symbol": "€",
    "has_star": true,
    "has_vat": false,
    "price_theme": "white_red",
    "variants_have_different_prices": false,
    "base_price_text": "1 l = 7.37",
    "base_price_prefix": false,
    "packaging_text": "3 x 90 ml",
    "discount_deleted_price": 2.59,
    "discount_text": "- 23 %",
    "discount_percentage": 23,
    "discount_has_star": false,
    "show_discount": true,
    "show_percentage": true,
    "from_recommended_price": false,
    "availability_indicator": 0,
    "online_available": false,
    "min_orderable_quantity": 1,
    "orderable_quantities": [],
    "badge_texts": [
      "V trgovini od 03.07. do 09.07."
    ],
    "badge_types": [
      "IN_STORE_PAST_DATE_RANGE"
    ],
    "main_image": "https://imgproxy-retcat.assets.schwarz/GBwleku_hDlUKTCv_fxgamaJ2NVtQ4bP2LC1oenZp0Q/sm:1/w:427/h:320/cz/M6Ly9wcm9kLWNhd/GFsb2ctbWVkaWEvc2kvMS8wNTkwNTY2MzM3NTM2QjdBN0Q3QTMwREI/4NjUxODIyMzY3ODIxNzUyQzJFNzFCRTA4Qjg1RTE1MDEwMTk2OTlCLmpwZw.jpg",
    "image_list": [
      "https://imgproxy-retcat.assets.schwarz/GBwleku_hDlUKTCv_fxgamaJ2NVtQ4bP2LC1oenZp0Q/sm:1/w:427/h:320/cz/M6Ly9wcm9kLWNhd/GFsb2ctbWVkaWEvc2kvMS8wNTkwNTY2MzM3NTM2QjdBN0Q3QTMwREI/4NjUxODIyMzY3ODIxNzUyQzJFNzFCRTA4Qjg1RTE1MDEwMTk2OTlCLmpwZw.jpg",
      "https://imgproxy-retcat.assets.schwarz/ItB3i1V0tosYJu81TKons6TLSjihEjJ4f6GEIVt4iD0/sm:1/w:427/h:320/cz/M6Ly9wcm9kLWNhd/GFsb2ctbWVkaWEvc2kvMS9BOThGOEMwNUVFNTgwM0M0NTk0RDYzMkF/DOTc4RUU3OEI0QjIxNUYzNjU1QjE1QzE0QjM4MDFFMDUzRkY0QUE1LmpwZw.jpg",
      "https://imgproxy-retcat.assets.schwarz/mpKZIUxf8TMgOnsZtk9Tg44fv_W052W8l7KaH4K7sRY/sm:1/w:427/h:320/cz/M6Ly9wcm9kLWNhd/GFsb2ctbWVkaWEvc2kvMS9FRUM2MDlFN0E1RTg3RDVBMDBCM0EwODc/3NjdFM0RCNjE4OTQ0RTJEOTlFNTdGRENBMEUzRTY5NzkzNjVBRTAyLmpwZw.jpg"
    ],
    "image_accessibility": "Trije paketi veganskega sladoleda Arctic Zero v okusih čokolada, lešniki in slana karamela.",
    "detailed_images": [
      {
        "url": "https://imgproxy-retcat.assets.schwarz/GBwleku_hDlUKTCv_fxgamaJ2NVtQ4bP2LC1oenZp0Q/sm:1/w:427/h:320/cz/M6Ly9wcm9kLWNhd/GFsb2ctbWVkaWEvc2kvMS8wNTkwNTY2MzM3NTM2QjdBN0Q3QTMwREI/4NjUxODIyMzY3ODIxNzUyQzJFNzFCRTA4Qjg1RTE1MDEwMTk2OTlCLmpwZw.jpg",
        "accessibility": "Trije paketi veganskega sladoleda Arctic Zero v okusih čokolada, lešniki in slana karamela."
      },
      {
        "url": "https://imgproxy-retcat.assets.schwarz/ItB3i1V0tosYJu81TKons6TLSjihEjJ4f6GEIVt4iD0/sm:1/w:427/h:320/cz/M6Ly9wcm9kLWNhd/GFsb2ctbWVkaWEvc2kvMS9BOThGOEMwNUVFNTgwM0M0NTk0RDYzMkF/DOTc4RUU3OEI0QjIxNUYzNjU1QjE1QzE0QjM4MDFFMDUzRkY0QUE1LmpwZw.jpg",
        "accessibility": "Vamongo vegansko sladoledno palčko z okusom mandljev v čokoladni oblogi."
      },
      {
        "url": "https://imgproxy-retcat.assets.schwarz/mpKZIUxf8TMgOnsZtk9Tg44fv_W052W8l7KaH4K7sRY/sm:1/w:427/h:320/cz/M6Ly9wcm9kLWNhd/GFsb2ctbWVkaWEvc2kvMS9FRUM2MDlFN0E1RTg3RDVBMDBCM0EwODc/3NjdFM0RCNjE4OTQ0RTJEOTlFNTdGRENBMEUzRTY5NzkzNjVBRTAyLmpwZw.jpg",
        "accessibility": "Vitamogo vegansko klasično sladoledno palčko v čokoladni oblogi."
      }
    ],
    "analytics_category": "Food",
    "more_details": "Dodatne podrobnosti o izdelku",
    "won_category_primary": "Svetovi potreb/Hrana in bližnja hrana/Zamrznjena hrana (Zamrznjena hrana)",
    "won_category_primary_path": "0/17/1716",
    "canonical_path": "/p/vemondo-veganski-sladoled/p10082104",
    "canonical_url": "/p/vemondo-veganski-sladoled/p10082104",
    "awards": [],
    "seals": [
      {
        "altText": "Veganski znak V-Label International.",
        "image": "https://imgproxy-retcat.assets.schwarz/ISLamvPk8hk69l-VadCrdVW2krGoAe5YiNwWvgfLhC8/sm:1/w:140/cz/M6Ly9wcm9kLWNhd/GFsb2ctbWVkaWEvc2kvMi9BRDRDNEYxMzQwRDI3OTU2NEY5NzNFN0M/3M0UzQjk3ODM5OEQ5QTAxRTlDREVEOEY4MjRBRjBCNTBCMzI1M0EzLnBuZw.png"
      }
    ],
    "ribbons": [
      {
        "type": "SPECIAL_DESCRIPTION",
        "text": "IZDELEK BO NA VOLJO LE V NEKATERIH TRGOVINAH",
        "theme": "red"
      }
    ],
    "highlighted_seals": 0,
    "lidl_plus": [],
    "regions": [],
    "ians": [
      "160784"
    ],
    "show_brand": true,
    "deal_of_day_active": false,
    "full_title_meta": "VEMONDO Veganski sladoled",
    "lists": [
      4986
    ],
    "preview": false,
    "category_breadcrumbs": [
      {
        "id": "10068374",
        "name": "Hrana in pijača",
        "url": "/c/hrana-in-pijaca/s10068374",
        "hidden": false
      },
      {
        "id": "10071049",
        "name": "Zamrznjena hrana",
        "url": "/h/zamrznjena-hrana/h10071049",
        "hidden": false
      }
    ],
    "campaigns": [
      {
        "id": "Current_Sales_Week",
        "name": "Ta teden",
        "url": null,
        "hidden": false
      },
      {
        "id": "10072826",
        "name": "Tvoja osvežitev se začne v Lidlu.",
        "url": "/c/tvoja-osvezitev-se-zacne-v-lidlu/a10072826",
        "hidden": false
      }
    ],
    "world_of_needs_code": "1716",
    "world_of_needs_name": "Zamrznjena hrana (Zamrznjena hrana)",
    "world_of_needs_parent": "17",
    "is_main_category": true,
    "super_categories": [
      {
        "code": "17",
        "name": "Hrana in bližnja hrana",
        "parent": "0"
      },
      {
        "code": "0",
        "name": "Svetovi potreb",
        "parent": ""
      }
    ],
    "position": 50,
    "tracking_payload": {
      "searchTrackingMasterId": "Product.10082104",
      "searchTrackingTitle": "Veganski+sladoled",
      "searchTrackingPageSize": 100,
      "searchTrackingPage": 1,
      "searchTrackingEvent": "click",
      "list": "search",
      "searchTrackingId": "Product.10082104",
      "searchTrackingOrigPos": 1,
      "searchTrackingPos": 50,
      "searchTrackingOrigPageSize": 100,
      "searchTrackingChannel": "SI",
      "category": "Food"
    }
  },
  {
    "code": "10082245",
    "name": "Toast s semeni",
    "url": "",
    "result_class": "product",
    "type": "product",
    "product_id": 10082245,
    "erp_number": "10082245",
    "item_id": 10082245,
    "full_title": "TASTINO Toast s semeni",
    "title": "Toast s semeni",
    "category": "Food",
    "product_type": "RETAIL",
    "age_restriction": false,
    "is_used_product": false,
    "multipack": false,
    "online": false,
    "store": true,
    "quick_add_to_cart": false,
    "flash_sales": false,
    "having_videos": false,
    "having_threesixty": false,
    "price": 0.99,
    "old_price": 1.29,
    "currency_code": "EUR",
    "currency_symbol": "€",
    "has_star": true,
    "has_vat": false,
    "price_theme": "white_red",
    "variants_have_different_prices": false,
    "base_price_text": "1 kg = 1.98",
    "base_price_prefix": false,
    "packaging_text": "500 g",
    "discount_deleted_price": 1.29,
    "discount_text": "- 23 %",
    "discount_percentage": 23,
    "discount_has_star": false,
    "show_discount": true,
    "show_percentage": true,
    "from_recommended_price": false,
    "availability_indicator": 0,
    "online_available": false,
    "min_orderable_quantity": 1,
    "orderable_quantities": [],
    "badge_texts": [
      "V trgovini od 07.07. do 09.07."
    ],
    "badge_types": [
      "IN_STORE_TODAY_DATE_RANGE"
    ],
    "main_image": "https://imgproxy-retcat.assets.schwarz/1cEGO0qw1QUgmyGJw2VICh4JdlA68DOzeWtR5VJORuM/sm:1/w:427/h:320/cz/M6Ly9wcm9kLWNhd/GFsb2ctbWVkaWEvc2kvMS9GQjQzNkFENkM2NTY5QTQxQ0E0QzU5Q0U/zQkJCRUQ1MjdFRTJFMTdERjU4NzNCNzQ1QjczMjk5NTJGRENCQjlCLmpwZw.jpg",
    "image_list": [
      "https://imgproxy-retcat.assets.schwarz/1cEGO0qw1QUgmyGJw2VICh4JdlA68DOzeWtR5VJORuM/sm:1/w:427/h:320/cz/M6Ly9wcm9kLWNhd/GFsb2ctbWVkaWEvc2kvMS9GQjQzNkFENkM2NTY5QTQxQ0E0QzU5Q0U/zQkJCRUQ1MjdFRTJFMTdERjU4NzNCNzQ1QjczMjk5NTJGRENCQjlCLmpwZw.jpg"
    ],
    "image_accessibility": "Paket belega kruha za pečenje, znamka Goldfood.",
    "detailed_images": [
      {
        "url": "https://imgproxy-retcat.assets.schwarz/1cEGO0qw1QUgmyGJw2VICh4JdlA68DOzeWtR5VJORuM/sm:1/w:427/h:320/cz/M6Ly9wcm9kLWNhd/GFsb2ctbWVkaWEvc2kvMS9GQjQzNkFENkM2NTY5QTQxQ0E0QzU5Q0U/zQkJCRUQ1MjdFRTJFMTdERjU4NzNCNzQ1QjczMjk5NTJGRENCQjlCLmpwZw.jpg",
        "accessibility": "Paket belega kruha za pečenje, znamka Goldfood."
      }
    ],
    "analytics_category": "Food",
    "more_details": "Dodatne podrobnosti o izdelku",
    "won_category_primary": "Svetovi potreb/Hrana in bližnja hrana/Kruh in pekovsko pecivo",
    "won_category_primary_path": "0/17/1713",
    "canonical_path": "/p/tastino-toast-s-semeni/p10082245",
    "canonical_url": "/p/tastino-toast-s-semeni/p10082245",
    "awards": [],
    "seals": [],
    "ribbons": [],
    "highlighted_seals": 0,
    "lidl_plus": [],
    "regions": [],
    "ians": [
      "9002335"
    ],
    "show_brand": true,
    "deal_of_day_active": false,
    "full_title_meta": "TASTINO Toast s semeni",
    "lists": [
      4986
    ],
    "preview": false,
    "category_breadcrumbs": [
      {
        "id": "10068374",
        "name": "Hrana in pijača",
        "url": "/c/hrana-in-pijaca/s10068374",
        "hidden": false
      },
      {
        "id": "10071015",
        "name": "Kruh in pekovski izdelki",
        "url": "/h/kruh-in-pekovski-izdelki/h10071015",
        "hidden": false
      }
    ],
    "campaigns": [
      {
        "id": "Current_Sales_Week",
        "name": "Ta teden",
        "url": null,
        "hidden": false
      },
      {
        "id": "10074822",
        "name": "Tvoja Lidl cena",
        "url": "/c/tvoja-lidl-cena/a10074822",
        "hidden": false
      }
    ],
    "world_of_needs_code": "1713",
    "world_of_needs_name": "Kruh in pekovsko pecivo",
    "world_of_needs_parent": "17",
    "is_main_category": true,
    "super_categories": [
      {
        "code": "17",
        "name": "Hrana in bližnja hrana",
        "parent": "0"
      },
      {
        "code": "0",
        "name": "Svetovi potreb",
        "parent": ""
      }
    ],
    "position": 51,
    "tracking_payload": {
      "searchTrackingMasterId": "Product.10082245",
      "searchTrackingTitle": "Toast+s+semeni",
      "searchTrackingPageSize": 100,
      "searchTrackingPage": 1,
      "searchTrackingEvent": "click",
      "list": "search",
      "searchTrackingId": "Product.10082245",
      "searchTrackingOrigPos": 1,
      "searchTrackingPos": 51,
      "searchTrackingOrigPageSize": 100,
      "searchTrackingChannel": "SI",
      "category": "Food"
    }
  },
  {
    "code": "10082028",
    "name": "Koruzni kruh",
    "url": "",
    "result_class": "product",
    "type": "product",
    "product_id": 10082028,
    "erp_number": "10082028",
    "item_id": 10082028,
    "full_title": "Koruzni kruh",
    "title": "Koruzni kruh",
    "category": "Food",
    "product_type": "RETAIL",
    "age_restriction": false,
    "is_used_product": false,
    "multipack": false,
    "online": false,
    "store": true,
    "quick_add_to_cart": false,
    "flash_sales": false,
    "having_videos": false,
    "having_threesixty": false,
    "price": 1.29,
    "old_price": 1.69,
    "currency_code": "EUR",
    "currency_symbol": "€",
    "has_star": true,
    "has_vat": false,
    "price_theme": "white_red",
    "variants_have_different_prices": false,
    "base_price_text": "1 kg = 2.58",
    "base_price_prefix": false,
    "packaging_text": "500 g",
    "discount_deleted_price": 1.69,
    "discount_text": "- 23 %",
    "discount_percentage": 23,
    "discount_has_star": false,
    "show_discount": true,
    "show_percentage": true,
    "from_recommended_price": false,
    "availability_indicator": 0,
    "online_available": false,
    "min_orderable_quantity": 1,
    "orderable_quantities": [],
    "badge_texts": [
      "V trgovini od 03.07. do 09.07."
    ],
    "badge_types": [
      "IN_STORE_PAST_DATE_RANGE"
    ],
    "main_image": "https://imgproxy-retcat.assets.schwarz/dsYsaq_eP2UtNNRKfDBxlfgQKv4IH7mC6ZmyhsvqYTs/sm:1/w:427/h:320/cz/M6Ly9wcm9kLWNhd/GFsb2ctbWVkaWEvc2kvMS8yMEM4NEVBNUYyMTVEQkEwMUJFM0YwM0J/DNkYyRjhGMkIyNjkyMUE2M0IwNkFFRDQzMTQwNDhGMkU5MDJEQ0Q3LmpwZw.jpg",
    "image_list": [
      "https://imgproxy-retcat.assets.schwarz/dsYsaq_eP2UtNNRKfDBxlfgQKv4IH7mC6ZmyhsvqYTs/sm:1/w:427/h:320/cz/M6Ly9wcm9kLWNhd/GFsb2ctbWVkaWEvc2kvMS8yMEM4NEVBNUYyMTVEQkEwMUJFM0YwM0J/DNkYyRjhGMkIyNjkyMUE2M0IwNkFFRDQzMTQwNDhGMkU5MDJEQ0Q3LmpwZw.jpg"
    ],
    "image_accessibility": "Okrogel hlebec kruha v pletenem košarici.",
    "detailed_images": [
      {
        "url": "https://imgproxy-retcat.assets.schwarz/dsYsaq_eP2UtNNRKfDBxlfgQKv4IH7mC6ZmyhsvqYTs/sm:1/w:427/h:320/cz/M6Ly9wcm9kLWNhd/GFsb2ctbWVkaWEvc2kvMS8yMEM4NEVBNUYyMTVEQkEwMUJFM0YwM0J/DNkYyRjhGMkIyNjkyMUE2M0IwNkFFRDQzMTQwNDhGMkU5MDJEQ0Q3LmpwZw.jpg",
        "accessibility": "Okrogel hlebec kruha v pletenem košarici."
      }
    ],
    "analytics_category": "Food",
    "more_details": "Dodatne podrobnosti o izdelku",
    "won_category_primary": "Svetovi potreb/Hrana in bližnja hrana/Kruh in pekovsko pecivo",
    "won_category_primary_path": "0/17/1713",
    "canonical_path": "/p/koruzni-kruh/p10082028",
    "canonical_url": "/p/koruzni-kruh/p10082028",
    "awards": [],
    "seals": [
      {
        "altText": "Zvezda odlične kakovosti 2021–2025.",
        "image": "https://imgproxy-retcat.assets.schwarz/IC51k1Wib6lnx5pAjIrjRiXneMVLYuWsXBsol9D4_S4/sm:1/w:140/cz/M6Ly9wcm9kLWNhd/GFsb2ctbWVkaWEvc2kvMi8wMzlCRjM2MEQxNjc0MjJEMzQ5Q0JFRUV/DQTQzQkRBMkNCNTA0QjYyODRFMDU5N0Y4MzM4NTFCQTFFNUYxMzk4LnBuZw.png"
      }
    ],
    "ribbons": [],
    "highlighted_seals": 0,
    "lidl_plus": [],
    "regions": [],
    "ians": [
      "4078"
    ],
    "show_brand": false,
    "deal_of_day_active": false,
    "full_title_meta": "Koruzni kruh",
    "lists": [
      4986
    ],
    "preview": false,
    "category_breadcrumbs": [
      {
        "id": "10068374",
        "name": "Hrana in pijača",
        "url": "/c/hrana-in-pijaca/s10068374",
        "hidden": false
      },
      {
        "id": "10071015",
        "name": "Kruh in pekovski izdelki",
        "url": "/h/kruh-in-pekovski-izdelki/h10071015",
        "hidden": false
      }
    ],
    "campaigns": [
      {
        "id": "Current_Sales_Week",
        "name": "Ta teden",
        "url": null,
        "hidden": false
      },
      {
        "id": "10074808",
        "name": "Tvoja Lidl cena",
        "url": "/c/tvoja-lidl-cena/a10074808",
        "hidden": false
      }
    ],
    "world_of_needs_code": "1713",
    "world_of_needs_name": "Kruh in pekovsko pecivo",
    "world_of_needs_parent": "17",
    "is_main_category": true,
    "super_categories": [
      {
        "code": "17",
        "name": "Hrana in bližnja hrana",
        "parent": "0"
      },
      {
        "code": "0",
        "name": "Svetovi potreb",
        "parent": ""
      }
    ],
    "position": 52,
    "tracking_payload": {
      "searchTrackingMasterId": "Product.10082028",
      "searchTrackingTitle": "Koruzni+kruh",
      "searchTrackingPageSize": 100,
      "searchTrackingPage": 1,
      "searchTrackingEvent": "click",
      "list": "search",
      "searchTrackingId": "Product.10082028",
      "searchTrackingOrigPos": 1,
      "searchTrackingPos": 52,
      "searchTrackingOrigPageSize": 100,
      "searchTrackingChannel": "SI",
      "category": "Food"
    }
  },
  {
    "code": "10082006",
    "name": "Cedevita Fresh",
    "url": "",
    "result_class": "product",
    "type": "product",
    "product_id": 10082006,
    "erp_number": "10082006",
    "item_id": 10082006,
    "full_title": "Cedevita Fresh",
    "title": "Cedevita Fresh",
    "category": "Food",
    "product_type": "RETAIL",
    "age_restriction": false,
    "is_used_product": false,
    "multipack": false,
    "online": false,
    "store": true,
    "quick_add_to_cart": false,
    "flash_sales": false,
    "having_videos": false,
    "having_threesixty": false,
    "price": 0.85,
    "old_price": 1.09,
    "currency_code": "EUR",
    "currency_symbol": "€",
    "has_star": true,
    "has_vat": false,
    "price_theme": "white_red",
    "variants_have_different_prices": false,
    "base_price_text": "1 l = 2.50",
    "base_price_prefix": false,
    "packaging_text": "340 ml",
    "discount_deleted_price": 1.09,
    "discount_text": "- 22 %",
    "discount_percentage": 22,
    "discount_has_star": false,
    "show_discount": true,
    "show_percentage": true,
    "from_recommended_price": false,
    "availability_indicator": 0,
    "online_available": false,
    "min_orderable_quantity": 1,
    "orderable_quantities": [],
    "badge_texts": [
      "V trgovini od 03.07. do 09.07."
    ],
    "badge_types": [
      "IN_STORE_PAST_DATE_RANGE"
    ],
    "main_image": "https://imgproxy-retcat.assets.schwarz/spSrDuQfjcrLehgNxxBJVYT_7ovvCr4ZEFH0Me5vCSg/sm:1/w:427/h:320/cz/M6Ly9wcm9kLWNhd/GFsb2ctbWVkaWEvc2kvMS9ENUFENDg0NzdFMEY2N0Y5M0Y5QTE0NDE/4QTM5NUM3MTMyNTVDMDkyOUNBNjI4Qjk3NTFBNUYxNTMzMkEwMzJDLmpwZw.jpg",
    "image_list": [
      "https://imgproxy-retcat.assets.schwarz/spSrDuQfjcrLehgNxxBJVYT_7ovvCr4ZEFH0Me5vCSg/sm:1/w:427/h:320/cz/M6Ly9wcm9kLWNhd/GFsb2ctbWVkaWEvc2kvMS9ENUFENDg0NzdFMEY2N0Y5M0Y5QTE0NDE/4QTM5NUM3MTMyNTVDMDkyOUNBNjI4Qjk3NTFBNUYxNTMzMkEwMzJDLmpwZw.jpg",
      "https://imgproxy-retcat.assets.schwarz/UokULKHNwOpYX7AHJDV9XuPI2jeTkj2jm1-8B9spKoc/sm:1/w:427/h:320/cz/M6Ly9wcm9kLWNhd/GFsb2ctbWVkaWEvc2kvMS85Njc2MzVDNjNGM0JBQ0M4NkQ5QkVBQzU/wRjgzNEI4QTQ4NkJCQUM1ODVBRjY0MjMwMjM2ODc2OEMxMkYyNjcyLmpwZw.jpg",
      "https://imgproxy-retcat.assets.schwarz/QRy-H4SfrxuoIuyrZes5EZ_8Tsnsn8OzA2qjx9kOAm0/sm:1/w:427/h:320/cz/M6Ly9wcm9kLWNhd/GFsb2ctbWVkaWEvc2kvMS9BOTcyMjEwMjdFM0M2NTVCM0VBOTM4NTQ/zNUM4MUNDNjkxOTQ5MTE3MTI2NkE0REIyNUYxQkMwODYwOURFMDY2LmpwZw.jpg"
    ],
    "image_accessibility": "Tri steklenice osvežilnega napitka Ced 9 v različnih okusih.",
    "detailed_images": [
      {
        "url": "https://imgproxy-retcat.assets.schwarz/spSrDuQfjcrLehgNxxBJVYT_7ovvCr4ZEFH0Me5vCSg/sm:1/w:427/h:320/cz/M6Ly9wcm9kLWNhd/GFsb2ctbWVkaWEvc2kvMS9ENUFENDg0NzdFMEY2N0Y5M0Y5QTE0NDE/4QTM5NUM3MTMyNTVDMDkyOUNBNjI4Qjk3NTFBNUYxNTMzMkEwMzJDLmpwZw.jpg",
        "accessibility": "Tri steklenice osvežilnega napitka Ced 9 v različnih okusih."
      },
      {
        "url": "https://imgproxy-retcat.assets.schwarz/UokULKHNwOpYX7AHJDV9XuPI2jeTkj2jm1-8B9spKoc/sm:1/w:427/h:320/cz/M6Ly9wcm9kLWNhd/GFsb2ctbWVkaWEvc2kvMS85Njc2MzVDNjNGM0JBQ0M4NkQ5QkVBQzU/wRjgzNEI4QTQ4NkJCQUM1ODVBRjY0MjMwMjM2ODc2OEMxMkYyNjcyLmpwZw.jpg",
        "accessibility": "Steklenica sladkornega sirupa Cedro."
      },
      {
        "url": "https://imgproxy-retcat.assets.schwarz/QRy-H4SfrxuoIuyrZes5EZ_8Tsnsn8OzA2qjx9kOAm0/sm:1/w:427/h:320/cz/M6Ly9wcm9kLWNhd/GFsb2ctbWVkaWEvc2kvMS9BOTcyMjEwMjdFM0M2NTVCM0VBOTM4NTQ/zNUM4MUNDNjkxOTQ5MTE3MTI2NkE0REIyNUYxQkMwODYwOURFMDY2LmpwZw.jpg",
        "accessibility": "Steklenica sladkega napitka Ced' z okusom limone in grenivke."
      }
    ],
    "analytics_category": "Food",
    "more_details": "Dodatne podrobnosti o izdelku",
    "won_category_primary": "Svetovi potreb/Hrana in bližnja hrana/Pijače",
    "won_category_primary_path": "0/17/1720",
    "canonical_path": "/p/cedevita-fresh/p10082006",
    "canonical_url": "/p/cedevita-fresh/p10082006",
    "awards": [],
    "seals": [],
    "ribbons": [],
    "highlighted_seals": 0,
    "lidl_plus": [],
    "regions": [],
    "ians": [
      "4836"
    ],
    "show_brand": false,
    "deal_of_day_active": false,
    "full_title_meta": "Cedevita Fresh",
    "lists": [
      4986
    ],
    "preview": false,
    "category_breadcrumbs": [
      {
        "id": "10068374",
        "name": "Hrana in pijača",
        "url": "/c/hrana-in-pijaca/s10068374",
        "hidden": false
      },
      {
        "id": "10071022",
        "name": "Pijače",
        "url": "/h/pijace/h10071022",
        "hidden": false
      }
    ],
    "campaigns": [
      {
        "id": "Current_Sales_Week",
        "name": "Ta teden",
        "url": null,
        "hidden": false
      },
      {
        "id": "10074808",
        "name": "Tvoja Lidl cena",
        "url": "/c/tvoja-lidl-cena/a10074808",
        "hidden": false
      }
    ],
    "world_of_needs_code": "1720",
    "world_of_needs_name": "Pijače",
    "world_of_needs_parent": "17",
    "is_main_category": true,
    "super_categories": [
      {
        "code": "17",
        "name": "Hrana in bližnja hrana",
        "parent": "0"
      },
      {
        "code": "0",
        "name": "Svetovi potreb",
        "parent": ""
      }
    ],
    "position": 53,
    "tracking_payload": {
      "searchTrackingMasterId": "Product.10082006",
      "searchTrackingTitle": "Cedevita+Fresh",
      "searchTrackingPageSize": 100,
      "searchTrackingPage": 1,
      "searchTrackingEvent": "click",
      "list": "search",
      "searchTrackingId": "Product.10082006",
      "searchTrackingOrigPos": 1,
      "searchTrackingPos": 53,
      "searchTrackingOrigPageSize": 100,
      "searchTrackingChannel": "SI",
      "category": "Food"
    }
  },
  {
    "code": "10082034",
    "name": "Sveži piščanec",
    "url": "",
    "result_class": "product",
    "type": "product",
    "product_id": 10082034,
    "erp_number": "10082034",
    "item_id": 10082034,
    "full_title": "NAŠA MESNICA Sveži piščanec",
    "title": "Sveži piščanec",
    "category": "Food",
    "product_type": "RETAIL",
    "age_restriction": false,
    "is_used_product": false,
    "multipack": false,
    "online": false,
    "store": true,
    "quick_add_to_cart": false,
    "flash_sales": false,
    "having_videos": false,
    "having_threesixty": false,
    "price": 2.69,
    "old_price": 3.49,
    "currency_code": "EUR",
    "currency_symbol": "€",
    "has_star": true,
    "has_vat": false,
    "price_theme": "white_red",
    "variants_have_different_prices": false,
    "base_price_text": "pribl. 900 g",
    "base_price_prefix": false,
    "packaging_text": "za kg",
    "discount_deleted_price": 3.49,
    "discount_text": "- 22 %",
    "discount_percentage": 22,
    "discount_has_star": false,
    "show_discount": true,
    "show_percentage": true,
    "from_recommended_price": false,
    "availability_indicator": 0,
    "online_available": false,
    "min_orderable_quantity": 1,
    "orderable_quantities": [],
    "badge_texts": [
      "V trgovini od 03.07. do 09.07."
    ],
    "badge_types": [
      "IN_STORE_PAST_DATE_RANGE"
    ],
    "main_image": "https://imgproxy-retcat.assets.schwarz/7kvf-MH9M5hQV1ozT35hzzRxEV-bMrLDVEcP1U6p29c/sm:1/w:427/h:320/cz/M6Ly9wcm9kLWNhd/GFsb2ctbWVkaWEvc2kvMS9BOEVERjk4ODE2Nzk1RUI2MjQ0REI3OEZ/GNERBQUM2MUQwNzBGQjdCRUQ3ODNGQkIxMjUxODE1RURGMzUxNTQwLmpwZw.jpg",
    "image_list": [
      "https://imgproxy-retcat.assets.schwarz/7kvf-MH9M5hQV1ozT35hzzRxEV-bMrLDVEcP1U6p29c/sm:1/w:427/h:320/cz/M6Ly9wcm9kLWNhd/GFsb2ctbWVkaWEvc2kvMS9BOEVERjk4ODE2Nzk1RUI2MjQ0REI3OEZ/GNERBQUM2MUQwNzBGQjdCRUQ3ODNGQkIxMjUxODE1RURGMzUxNTQwLmpwZw.jpg"
    ],
    "image_accessibility": "Sveža cela piščanec na temnem kamnitem podstavku.",
    "detailed_images": [
      {
        "url": "https://imgproxy-retcat.assets.schwarz/7kvf-MH9M5hQV1ozT35hzzRxEV-bMrLDVEcP1U6p29c/sm:1/w:427/h:320/cz/M6Ly9wcm9kLWNhd/GFsb2ctbWVkaWEvc2kvMS9BOEVERjk4ODE2Nzk1RUI2MjQ0REI3OEZ/GNERBQUM2MUQwNzBGQjdCRUQ3ODNGQkIxMjUxODE1RURGMzUxNTQwLmpwZw.jpg",
        "accessibility": "Sveža cela piščanec na temnem kamnitem podstavku."
      }
    ],
    "analytics_category": "Food",
    "more_details": "Dodatne podrobnosti o izdelku",
    "won_category_primary": "Svetovi potreb/Hrana in bližnja hrana/Klobase in meso",
    "won_category_primary_path": "0/17/1717",
    "canonical_path": "/p/nasa-mesnica-svezi-piscanec/p10082034",
    "canonical_url": "/p/nasa-mesnica-svezi-piscanec/p10082034",
    "awards": [],
    "seals": [],
    "ribbons": [],
    "highlighted_seals": 0,
    "lidl_plus": [],
    "regions": [],
    "ians": [
      "9994"
    ],
    "show_brand": true,
    "deal_of_day_active": false,
    "full_title_meta": "NAŠA MESNICA Sveži piščanec",
    "lists": [
      4986
    ],
    "preview": false,
    "category_breadcrumbs": [
      {
        "id": "10068374",
        "name": "Hrana in pijača",
        "url": "/c/hrana-in-pijaca/s10068374",
        "hidden": false
      },
      {
        "id": "10071016",
        "name": "Meso in mesni izdelki",
        "url": "/h/meso-in-mesni-izdelki/h10071016",
        "hidden": false
      }
    ],
    "campaigns": [
      {
        "id": "Current_Sales_Week",
        "name": "Ta teden",
        "url": null,
        "hidden": false
      },
      {
        "id": "10074808",
        "name": "Tvoja Lidl cena",
        "url": "/c/tvoja-lidl-cena/a10074808",
        "hidden": false
      }
    ],
    "world_of_needs_code": "1717",
    "world_of_needs_name": "Klobase in meso",
    "world_of_needs_parent": "17",
    "is_main_category": true,
    "super_categories": [
      {
        "code": "17",
        "name": "Hrana in bližnja hrana",
        "parent": "0"
      },
      {
        "code": "0",
        "name": "Svetovi potreb",
        "parent": ""
      }
    ],
    "position": 54,
    "tracking_payload": {
      "searchTrackingMasterId": "Product.10082034",
      "searchTrackingTitle": "Sve%C5%BEi+pi%C5%A1%C4%8Danec",
      "searchTrackingPageSize": 100,
      "searchTrackingPage": 1,
      "searchTrackingEvent": "click",
      "list": "search",
      "searchTrackingId": "Product.10082034",
      "searchTrackingOrigPos": 1,
      "searchTrackingPos": 54,
      "searchTrackingOrigPageSize": 100,
      "searchTrackingChannel": "SI",
      "category": "Food"
    }
  },
  {
    "code": "10082844",
    "name": "Oljčno olje",
    "url": "",
    "result_class": "product",
    "type": "product",
    "product_id": 10082844,
    "erp_number": "10082844",
    "item_id": 10082844,
    "full_title": "PRIMADONNA Oljčno olje",
    "title": "Oljčno olje",
    "category": "Food",
    "product_type": "RETAIL",
    "age_restriction": false,
    "is_used_product": false,
    "multipack": false,
    "online": false,
    "store": true,
    "quick_add_to_cart": false,
    "flash_sales": false,
    "having_videos": false,
    "having_threesixty": false,
    "price": 4.99,
    "old_price": 5.99,
    "currency_code": "EUR",
    "currency_symbol": "€",
    "has_star": true,
    "has_vat": false,
    "price_theme": "white_red",
    "variants_have_different_prices": false,
    "base_price_text": "1 l = 9.98",
    "base_price_prefix": false,
    "packaging_text": "500 ml",
    "discount_deleted_price": 5.99,
    "discount_text": "- 16 %",
    "discount_percentage": 16,
    "discount_has_star": false,
    "show_discount": true,
    "show_percentage": true,
    "from_recommended_price": false,
    "availability_indicator": 0,
    "online_available": false,
    "min_orderable_quantity": 1,
    "orderable_quantities": [],
    "badge_texts": [
      "V trgovini od 24.06."
    ],
    "badge_types": [
      "IN_STORE_FROM_DATE_PAST"
    ],
    "main_image": "https://imgproxy-retcat.assets.schwarz/iEWUYRZlfIiMlXymj2m4bxshqo3gFUzgWpwKcZeHjbE/sm:1/w:427/h:320/cz/M6Ly9wcm9kLWNhd/GFsb2ctbWVkaWEvaW50LzFDNURGQ0RFNUFDOTVDRUIxN0NENzVEQ0/I2MDdDNjk3NEMzQTNCMTY0MUI4QTlCRTY5RTg0N0UwMzM4MTY5OEMucG5n.png",
    "image_list": [
      "https://imgproxy-retcat.assets.schwarz/iEWUYRZlfIiMlXymj2m4bxshqo3gFUzgWpwKcZeHjbE/sm:1/w:427/h:320/cz/M6Ly9wcm9kLWNhd/GFsb2ctbWVkaWEvaW50LzFDNURGQ0RFNUFDOTVDRUIxN0NENzVEQ0/I2MDdDNjk3NEMzQTNCMTY0MUI4QTlCRTY5RTg0N0UwMzM4MTY5OEMucG5n.png",
      "https://imgproxy-retcat.assets.schwarz/xzBek6r1nWYh25P1K9KbrCBjUwRoKQW1NCkAnfVyjw4/sm:1/w:427/h:320/cz/M6Ly9wcm9kLWNhd/GFsb2ctbWVkaWEvaW50LzJFMEUyQjRGRkQ5MUYxNzE4MDFFMTBERT/gzMkIwM0U1QTU1MDdBQzU2MkYxQzk0QjE4OEVFNjYzOEUzRDZGMjMucG5n.png"
    ],
    "image_accessibility": "Steklenica oljčnega olja Primadonna Extra Virgin Original (500 ml).",
    "detailed_images": [
      {
        "url": "https://imgproxy-retcat.assets.schwarz/iEWUYRZlfIiMlXymj2m4bxshqo3gFUzgWpwKcZeHjbE/sm:1/w:427/h:320/cz/M6Ly9wcm9kLWNhd/GFsb2ctbWVkaWEvaW50LzFDNURGQ0RFNUFDOTVDRUIxN0NENzVEQ0/I2MDdDNjk3NEMzQTNCMTY0MUI4QTlCRTY5RTg0N0UwMzM4MTY5OEMucG5n.png",
        "accessibility": "Steklenica oljčnega olja Primadonna Extra Virgin Original (500 ml)."
      },
      {
        "url": "https://imgproxy-retcat.assets.schwarz/xzBek6r1nWYh25P1K9KbrCBjUwRoKQW1NCkAnfVyjw4/sm:1/w:427/h:320/cz/M6Ly9wcm9kLWNhd/GFsb2ctbWVkaWEvaW50LzJFMEUyQjRGRkQ5MUYxNzE4MDFFMTBERT/gzMkIwM0U1QTU1MDdBQzU2MkYxQzk0QjE4OEVFNjYzOEUzRDZGMjMucG5n.png",
        "accessibility": "Primadonna olivno olje za cvrenje, 500 ml steklenica."
      }
    ],
    "analytics_category": "Food",
    "more_details": "Dodatne podrobnosti o izdelku",
    "won_category_primary": "Svetovi potreb/Hrana in bližnja hrana/Maščobe, olja, kis in konzerve",
    "won_category_primary_path": "0/17/1735",
    "canonical_path": "/p/primadonna-oljcno-olje/p10082844",
    "canonical_url": "/p/primadonna-oljcno-olje/p10082844",
    "awards": [],
    "seals": [],
    "ribbons": [],
    "highlighted_seals": 0,
    "lidl_plus": [],
    "regions": [],
    "ians": [
      "141884"
    ],
    "show_brand": true,
    "deal_of_day_active": false,
    "full_title_meta": "PRIMADONNA Oljčno olje",
    "lists": [
      1651
    ],
    "preview": false,
    "category_breadcrumbs": [
      {
        "id": "10068374",
        "name": "Hrana in pijača",
        "url": "/c/hrana-in-pijaca/s10068374",
        "hidden": false
      },
      {
        "id": "10071681",
        "name": "Maščobe, olja, kis in konzerve",
        "url": "/h/mascobe-olja-kis-in-konzerve/h10071681",
        "hidden": false
      }
    ],
    "campaigns": [
      {
        "id": "Current_Sales_Week",
        "name": "Ta teden",
        "url": null,
        "hidden": false
      },
      {
        "id": "10025137",
        "name": "Znižano vsaj tri mesece",
        "url": "/c/znizano-vsaj-tri-mesece/a10025137",
        "hidden": false
      }
    ],
    "world_of_needs_code": "1735",
    "world_of_needs_name": "Maščobe, olja, kis in konzerve",
    "world_of_needs_parent": "17",
    "is_main_category": true,
    "super_categories": [
      {
        "code": "17",
        "name": "Hrana in bližnja hrana",
        "parent": "0"
      },
      {
        "code": "0",
        "name": "Svetovi potreb",
        "parent": ""
      }
    ],
    "position": 55,
    "tracking_payload": {
      "searchTrackingMasterId": "Product.10082844",
      "searchTrackingTitle": "Olj%C4%8Dno+olje",
      "searchTrackingPageSize": 100,
      "searchTrackingPage": 1,
      "searchTrackingEvent": "click",
      "list": "search",
      "searchTrackingId": "Product.10082844",
      "searchTrackingOrigPos": 1,
      "searchTrackingPos": 55,
      "searchTrackingOrigPageSize": 100,
      "searchTrackingChannel": "SI",
      "category": "Food"
    }
  },
  {
    "code": "10082847",
    "name": "Patagonski lignji",
    "url": "",
    "result_class": "product",
    "type": "product",
    "product_id": 10082847,
    "erp_number": "10082847",
    "item_id": 10082847,
    "full_title": "OCEAN SEA Patagonski lignji",
    "title": "Patagonski lignji",
    "category": "Food",
    "product_type": "RETAIL",
    "age_restriction": false,
    "is_used_product": false,
    "multipack": false,
    "online": false,
    "store": true,
    "quick_add_to_cart": false,
    "flash_sales": false,
    "having_videos": false,
    "having_threesixty": false,
    "price": 4.99,
    "old_price": 5.99,
    "currency_code": "EUR",
    "currency_symbol": "€",
    "has_star": true,
    "has_vat": false,
    "price_theme": "white_red",
    "variants_have_different_prices": false,
    "base_price_text": "1 kg = 12.48",
    "base_price_prefix": false,
    "packaging_text": "400 g",
    "discount_deleted_price": 5.99,
    "discount_text": "- 16 %",
    "discount_percentage": 16,
    "discount_has_star": false,
    "show_discount": true,
    "show_percentage": true,
    "from_recommended_price": false,
    "availability_indicator": 0,
    "online_available": false,
    "min_orderable_quantity": 1,
    "orderable_quantities": [],
    "badge_texts": [
      "V trgovini od 24.06."
    ],
    "badge_types": [
      "IN_STORE_FROM_DATE_PAST"
    ],
    "main_image": "https://imgproxy-retcat.assets.schwarz/AhaBOeKZ2N_HxsgaAuQglI8WKeVQokt-RRPkfQRUZWc/sm:1/w:427/h:320/cz/M6Ly9wcm9kLWNhd/GFsb2ctbWVkaWEvaW50LzRCOERGQTA2QkI1OUE1QzNBMjkyOEM1NE/M4MDgwRjVCRTY2MzUzMzU3MzY3NzA3NUVFMjdFRDYxRDlDMTVGOUEucG5n.png",
    "image_list": [
      "https://imgproxy-retcat.assets.schwarz/AhaBOeKZ2N_HxsgaAuQglI8WKeVQokt-RRPkfQRUZWc/sm:1/w:427/h:320/cz/M6Ly9wcm9kLWNhd/GFsb2ctbWVkaWEvaW50LzRCOERGQTA2QkI1OUE1QzNBMjkyOEM1NE/M4MDgwRjVCRTY2MzUzMzU3MzY3NzA3NUVFMjdFRDYxRDlDMTVGOUEucG5n.png"
    ],
    "image_accessibility": null,
    "detailed_images": [
      {
        "url": "https://imgproxy-retcat.assets.schwarz/AhaBOeKZ2N_HxsgaAuQglI8WKeVQokt-RRPkfQRUZWc/sm:1/w:427/h:320/cz/M6Ly9wcm9kLWNhd/GFsb2ctbWVkaWEvaW50LzRCOERGQTA2QkI1OUE1QzNBMjkyOEM1NE/M4MDgwRjVCRTY2MzUzMzU3MzY3NzA3NUVFMjdFRDYxRDlDMTVGOUEucG5n.png",
        "accessibility": null
      }
    ],
    "analytics_category": "Food",
    "more_details": "Dodatne podrobnosti o izdelku",
    "won_category_primary": "Svetovi potreb/Hrana in bližnja hrana/Ribe in morski sadeži",
    "won_category_primary_path": "0/17/1733",
    "canonical_path": "/p/ocean-sea-patagonski-lignji/p10082847",
    "canonical_url": "/p/ocean-sea-patagonski-lignji/p10082847",
    "awards": [],
    "seals": [
      {
        "altText": "MSC certifikat: www.msc.org",
        "image": "https://imgproxy-retcat.assets.schwarz/7aFLVBiXSKnXe-X8zk3U9iX3aN2cdhITUKpD8Sbzkc8/sm:1/w:140/cz/M6Ly9wcm9kLWNhd/GFsb2ctbWVkaWEvc2kvMi8yQUYxNUQ3ODdFNjg3MzMwQ0VDNEM1QUZ/GNThENDFGRDUxRjc2OTk2RDI5NkZERDc4MjA4QTUyNzAyRjU1Nzc5LnBuZw.png"
      },
      {
        "altText": "Znak: Zamrznjeno",
        "image": "https://imgproxy-retcat.assets.schwarz/ayWyw20LfIYJzOhoc4KvR8G0z3S3CSGFD0vHUIK3dgY/sm:1/w:140/cz/M6Ly9wcm9kLWNhd/GFsb2ctbWVkaWEvc2kvMi81NkZCNjYzMzA5NkRFMERFNzUzNEI1ODY/xRDQ4Q0MxRTkxQkUzNUMxOTBGNTAyMURGMjJGODEyQzk0ODhCNTYwLnBuZw.png"
      }
    ],
    "ribbons": [],
    "highlighted_seals": 0,
    "lidl_plus": [],
    "regions": [],
    "ians": [
      "6902652"
    ],
    "show_brand": true,
    "deal_of_day_active": false,
    "full_title_meta": "OCEAN SEA Patagonski lignji",
    "lists": [
      1651
    ],
    "preview": false,
    "category_breadcrumbs": [
      {
        "id": "10068374",
        "name": "Hrana in pijača",
        "url": "/c/hrana-in-pijaca/s10068374",
        "hidden": false
      },
      {
        "id": "10071050",
        "name": "Ribe in morski sadeži",
        "url": "/h/ribe-in-morski-sadezi/h10071050",
        "hidden": false
      }
    ],
    "campaigns": [
      {
        "id": "Current_Sales_Week",
        "name": "Ta teden",
        "url": null,
        "hidden": false
      },
      {
        "id": "10025137",
        "name": "Znižano vsaj tri mesece",
        "url": "/c/znizano-vsaj-tri-mesece/a10025137",
        "hidden": false
      }
    ],
    "world_of_needs_code": "1733",
    "world_of_needs_name": "Ribe in morski sadeži",
    "world_of_needs_parent": "17",
    "is_main_category": true,
    "super_categories": [
      {
        "code": "17",
        "name": "Hrana in bližnja hrana",
        "parent": "0"
      },
      {
        "code": "0",
        "name": "Svetovi potreb",
        "parent": ""
      }
    ],
    "position": 56,
    "tracking_payload": {
      "searchTrackingMasterId": "Product.10082847",
      "searchTrackingTitle": "Patagonski+lignji",
      "searchTrackingPageSize": 100,
      "searchTrackingPage": 1,
      "searchTrackingEvent": "click",
      "list": "search",
      "searchTrackingId": "Product.10082847",
      "searchTrackingOrigPos": 1,
      "searchTrackingPos": 56,
      "searchTrackingOrigPageSize": 100,
      "searchTrackingChannel": "SI",
      "category": "Food"
    }
  },
  {
    "code": "10068180",
    "name": "Sveža piščančja stegna",
    "url": "",
    "result_class": "product",
    "type": "product",
    "product_id": 10068180,
    "erp_number": "10068180",
    "item_id": 10068180,
    "full_title": "NAŠE NAM PAŠE Sveža piščančja stegna",
    "title": "Sveža piščančja stegna",
    "category": "Food",
    "product_type": "RETAIL",
    "age_restriction": false,
    "is_used_product": false,
    "multipack": false,
    "online": false,
    "store": true,
    "quick_add_to_cart": false,
    "flash_sales": false,
    "having_videos": false,
    "having_threesixty": false,
    "price": 2.59,
    "old_price": 3.29,
    "currency_code": "EUR",
    "currency_symbol": "€",
    "has_star": true,
    "has_vat": false,
    "price_theme": "white_red",
    "variants_have_different_prices": false,
    "base_price_text": "1 kg = 5.18",
    "base_price_prefix": false,
    "packaging_text": "500 g",
    "discount_deleted_price": 3.29,
    "discount_text": "- 21 %",
    "discount_percentage": 21,
    "discount_has_star": false,
    "show_discount": true,
    "show_percentage": true,
    "from_recommended_price": false,
    "availability_indicator": 0,
    "online_available": false,
    "min_orderable_quantity": 1,
    "orderable_quantities": [],
    "badge_texts": [
      "V trgovini od 07.07. do 09.07."
    ],
    "badge_types": [
      "IN_STORE_TODAY_DATE_RANGE"
    ],
    "main_image": "https://imgproxy-retcat.assets.schwarz/5eIrjtE1-K79CdpsuHwjeKB7CEQfATOE3evi-0gP-OY/sm:1/w:427/h:320/cz/M6Ly9wcm9kLWNhd/GFsb2ctbWVkaWEvc2kvMS8xMkQzOEM4MEVDNTJERjA5RDgxRjE1MTI/2RkNBQ0RFNjMyODI1Q0U5RjFEMDEyMjJCMjIwNzk5MDBBMTRBODQ5LmpwZw.jpg",
    "image_list": [
      "https://imgproxy-retcat.assets.schwarz/5eIrjtE1-K79CdpsuHwjeKB7CEQfATOE3evi-0gP-OY/sm:1/w:427/h:320/cz/M6Ly9wcm9kLWNhd/GFsb2ctbWVkaWEvc2kvMS8xMkQzOEM4MEVDNTJERjA5RDgxRjE1MTI/2RkNBQ0RFNjMyODI1Q0U5RjFEMDEyMjJCMjIwNzk5MDBBMTRBODQ5LmpwZw.jpg"
    ],
    "image_accessibility": "Pakiranje piščančjih prsi Green Farm v črni posodi.",
    "detailed_images": [
      {
        "url": "https://imgproxy-retcat.assets.schwarz/5eIrjtE1-K79CdpsuHwjeKB7CEQfATOE3evi-0gP-OY/sm:1/w:427/h:320/cz/M6Ly9wcm9kLWNhd/GFsb2ctbWVkaWEvc2kvMS8xMkQzOEM4MEVDNTJERjA5RDgxRjE1MTI/2RkNBQ0RFNjMyODI1Q0U5RjFEMDEyMjJCMjIwNzk5MDBBMTRBODQ5LmpwZw.jpg",
        "accessibility": "Pakiranje piščančjih prsi Green Farm v črni posodi."
      }
    ],
    "analytics_category": "Food",
    "more_details": "Dodatne podrobnosti o izdelku",
    "won_category_primary": "Svetovi potreb/Hrana in bližnja hrana/Klobase in meso",
    "won_category_primary_path": "0/17/1717",
    "canonical_path": "/p/nase-nam-pase-sveza-piscancja-stegna/p10068180",
    "canonical_url": "/p/nase-nam-pase-sveza-piscancja-stegna/p10068180",
    "awards": [],
    "seals": [
      {
        "altText": "Nalepka: IZBRANA KAKOVOST, dva diamanti",
        "image": "https://imgproxy-retcat.assets.schwarz/wtd5_GfhfuyCgNwAfOv49gnGT4Rn6TY8NjywUVGixAk/sm:1/w:140/cz/M6Ly9wcm9kLWNhd/GFsb2ctbWVkaWEvc2kvMi9ERjg3RTE1MjgwMUFGRjI2RTRDNEZCMTc/zMkQ1NjRFODNBNzZEN0IxNUQ5MDY2Q0U4RDAxMEY5MTUzMzkyQjRCLnBuZw.png"
      }
    ],
    "ribbons": [],
    "highlighted_seals": 0,
    "lidl_plus": [],
    "regions": [],
    "ians": [
      "7300395"
    ],
    "show_brand": true,
    "deal_of_day_active": false,
    "full_title_meta": "NAŠE NAM PAŠE Sveža piščančja stegna",
    "lists": [
      4986
    ],
    "preview": false,
    "category_breadcrumbs": [
      {
        "id": "10068374",
        "name": "Hrana in pijača",
        "url": "/c/hrana-in-pijaca/s10068374",
        "hidden": false
      },
      {
        "id": "10071016",
        "name": "Meso in mesni izdelki",
        "url": "/h/meso-in-mesni-izdelki/h10071016",
        "hidden": false
      }
    ],
    "campaigns": [
      {
        "id": "Current_Sales_Week",
        "name": "Ta teden",
        "url": null,
        "hidden": false
      },
      {
        "id": "10074822",
        "name": "Tvoja Lidl cena",
        "url": "/c/tvoja-lidl-cena/a10074822",
        "hidden": false
      }
    ],
    "world_of_needs_code": "1717",
    "world_of_needs_name": "Klobase in meso",
    "world_of_needs_parent": "17",
    "is_main_category": true,
    "super_categories": [
      {
        "code": "17",
        "name": "Hrana in bližnja hrana",
        "parent": "0"
      },
      {
        "code": "0",
        "name": "Svetovi potreb",
        "parent": ""
      }
    ],
    "position": 57,
    "tracking_payload": {
      "searchTrackingMasterId": "Product.10068180",
      "searchTrackingTitle": "Sve%C5%BEa+pi%C5%A1%C4%8Dan%C4%8Dja+stegna",
      "searchTrackingPageSize": 100,
      "searchTrackingPage": 1,
      "searchTrackingEvent": "click",
      "list": "search",
      "searchTrackingId": "Product.10068180",
      "searchTrackingOrigPos": 1,
      "searchTrackingPos": 57,
      "searchTrackingOrigPageSize": 100,
      "searchTrackingChannel": "SI",
      "category": "Food"
    }
  },
  {
    "code": "10082106",
    "name": "Proteinski sladoled",
    "url": "",
    "result_class": "product",
    "type": "product",
    "product_id": 10082106,
    "erp_number": "10082106",
    "item_id": 10082106,
    "full_title": "GELATELLI Proteinski sladoled",
    "title": "Proteinski sladoled",
    "category": "Food",
    "product_type": "RETAIL",
    "age_restriction": false,
    "is_used_product": false,
    "multipack": false,
    "online": false,
    "store": true,
    "quick_add_to_cart": false,
    "flash_sales": false,
    "having_videos": false,
    "having_threesixty": false,
    "price": 2.39,
    "old_price": 2.99,
    "currency_code": "EUR",
    "currency_symbol": "€",
    "has_star": true,
    "has_vat": false,
    "price_theme": "white_red",
    "variants_have_different_prices": false,
    "base_price_text": "1 l = 6.83",
    "base_price_prefix": false,
    "packaging_text": "5 x 70 ml",
    "discount_deleted_price": 2.99,
    "discount_text": "- 20 %",
    "discount_percentage": 20,
    "discount_has_star": false,
    "show_discount": true,
    "show_percentage": true,
    "from_recommended_price": false,
    "availability_indicator": 0,
    "online_available": false,
    "min_orderable_quantity": 1,
    "orderable_quantities": [],
    "badge_texts": [
      "V trgovini od 03.07. do 09.07."
    ],
    "badge_types": [
      "IN_STORE_PAST_DATE_RANGE"
    ],
    "main_image": "https://imgproxy-retcat.assets.schwarz/m6D2U_cmvvNwjuDOTWRDE1s-iOf37ms3875aQEDH4LI/sm:1/w:427/h:320/cz/M6Ly9wcm9kLWNhd/GFsb2ctbWVkaWEvc2kvMS84ODY4RTAyNjkyQkM4NzIyMDFGNEI5MDV/EOEJDMDI3N0IzQTU5MDJBMzdDQzg2OEQyOTdGQzQxQUVFRkVDNTQ1LmpwZw.jpg",
    "image_list": [
      "https://imgproxy-retcat.assets.schwarz/m6D2U_cmvvNwjuDOTWRDE1s-iOf37ms3875aQEDH4LI/sm:1/w:427/h:320/cz/M6Ly9wcm9kLWNhd/GFsb2ctbWVkaWEvc2kvMS84ODY4RTAyNjkyQkM4NzIyMDFGNEI5MDV/EOEJDMDI3N0IzQTU5MDJBMzdDQzg2OEQyOTdGQzQxQUVFRkVDNTQ1LmpwZw.jpg",
      "https://imgproxy-retcat.assets.schwarz/5naMC4KXTyjTf6kK8px6BRry1OWermgFBqIINMt5Oko/sm:1/w:427/h:320/cz/M6Ly9wcm9kLWNhd/GFsb2ctbWVkaWEvc2kvMS9GMzY0MEEyNTU2NTE5QURDMDI3M0JCREQ/4MkVCRjc2MDVCOUQwQjUwQTlFQkM0RTVGNTYyNTNFNzI4NEFGODhCLmpwZw.jpg",
      "https://imgproxy-retcat.assets.schwarz/KGeKkAFiPNkrPCdXkQsvmuCRyEgUeQ0rwTVVYtZP8BM/sm:1/w:427/h:320/cz/M6Ly9wcm9kLWNhd/GFsb2ctbWVkaWEvc2kvMS81MUQ2Q0M0RUM3OTIwNTdFMUUxRDQ2NTN/DNjhCN0NFQTc2OUVDNzM0QzgyNDUwRjRCNDc4RDM5MjZEOUE1MzBDLmpwZw.jpg"
    ],
    "image_accessibility": "Trije Glacier Protein Ice Bar-ji v različnih okusih.",
    "detailed_images": [
      {
        "url": "https://imgproxy-retcat.assets.schwarz/m6D2U_cmvvNwjuDOTWRDE1s-iOf37ms3875aQEDH4LI/sm:1/w:427/h:320/cz/M6Ly9wcm9kLWNhd/GFsb2ctbWVkaWEvc2kvMS84ODY4RTAyNjkyQkM4NzIyMDFGNEI5MDV/EOEJDMDI3N0IzQTU5MDJBMzdDQzg2OEQyOTdGQzQxQUVFRkVDNTQ1LmpwZw.jpg",
        "accessibility": "Trije Glacier Protein Ice Bar-ji v različnih okusih."
      },
      {
        "url": "https://imgproxy-retcat.assets.schwarz/5naMC4KXTyjTf6kK8px6BRry1OWermgFBqIINMt5Oko/sm:1/w:427/h:320/cz/M6Ly9wcm9kLWNhd/GFsb2ctbWVkaWEvc2kvMS9GMzY0MEEyNTU2NTE5QURDMDI3M0JCREQ/4MkVCRjc2MDVCOUQwQjUwQTlFQkM0RTVGNTYyNTNFNzI4NEFGODhCLmpwZw.jpg",
        "accessibility": "Greškov čokoladni beljakovinski ledeni bonbon s okusom piškotov in kreme."
      },
      {
        "url": "https://imgproxy-retcat.assets.schwarz/KGeKkAFiPNkrPCdXkQsvmuCRyEgUeQ0rwTVVYtZP8BM/sm:1/w:427/h:320/cz/M6Ly9wcm9kLWNhd/GFsb2ctbWVkaWEvc2kvMS81MUQ2Q0M0RUM3OTIwNTdFMUUxRDQ2NTN/DNjhCN0NFQTc2OUVDNzM0QzgyNDUwRjRCNDc4RDM5MjZEOUE1MzBDLmpwZw.jpg",
        "accessibility": "Gaino čokoladna proteinska ledenka."
      }
    ],
    "analytics_category": "Food",
    "more_details": "Dodatne podrobnosti o izdelku",
    "won_category_primary": "Svetovi potreb/Hrana in bližnja hrana/Zamrznjena hrana (Zamrznjena hrana)",
    "won_category_primary_path": "0/17/1716",
    "canonical_path": "/p/gelatelli-proteinski-sladoled/p10082106",
    "canonical_url": "/p/gelatelli-proteinski-sladoled/p10082106",
    "awards": [],
    "seals": [
      {
        "altText": "Žig Rainforest Alliance: Ljudje & Narava",
        "image": "https://imgproxy-retcat.assets.schwarz/lbMCis-jGZQNzMXk3WVad3uyJkZ4j8S3P-DyZdCd0KE/sm:1/w:140/cz/M6Ly9wcm9kLWNhd/GFsb2ctbWVkaWEvc2kvMi9FNjBFQjg3QzI4NzMzREE2NTY4NzA1OUN/EMUZDNkVCNUEwMkQxODZDNkQ0MUNFMjVDREJCMjdGNThDRDhGNEJBLnBuZw.png"
      }
    ],
    "ribbons": [],
    "highlighted_seals": 0,
    "lidl_plus": [],
    "regions": [],
    "ians": [
      "160941"
    ],
    "show_brand": true,
    "deal_of_day_active": false,
    "full_title_meta": "GELATELLI Proteinski sladoled",
    "lists": [
      4986
    ],
    "preview": false,
    "category_breadcrumbs": [
      {
        "id": "10068374",
        "name": "Hrana in pijača",
        "url": "/c/hrana-in-pijaca/s10068374",
        "hidden": false
      },
      {
        "id": "10071049",
        "name": "Zamrznjena hrana",
        "url": "/h/zamrznjena-hrana/h10071049",
        "hidden": false
      }
    ],
    "campaigns": [
      {
        "id": "Current_Sales_Week",
        "name": "Ta teden",
        "url": null,
        "hidden": false
      },
      {
        "id": "10072826",
        "name": "Tvoja osvežitev se začne v Lidlu.",
        "url": "/c/tvoja-osvezitev-se-zacne-v-lidlu/a10072826",
        "hidden": false
      }
    ],
    "world_of_needs_code": "1716",
    "world_of_needs_name": "Zamrznjena hrana (Zamrznjena hrana)",
    "world_of_needs_parent": "17",
    "is_main_category": true,
    "super_categories": [
      {
        "code": "17",
        "name": "Hrana in bližnja hrana",
        "parent": "0"
      },
      {
        "code": "0",
        "name": "Svetovi potreb",
        "parent": ""
      }
    ],
    "position": 58,
    "tracking_payload": {
      "searchTrackingMasterId": "Product.10082106",
      "searchTrackingTitle": "Proteinski+sladoled",
      "searchTrackingPageSize": 100,
      "searchTrackingPage": 1,
      "searchTrackingEvent": "click",
      "list": "search",
      "searchTrackingId": "Product.10082106",
      "searchTrackingOrigPos": 1,
      "searchTrackingPos": 58,
      "searchTrackingOrigPageSize": 100,
      "searchTrackingChannel": "SI",
      "category": "Food"
    }
  },
  {
    "code": "10082241",
    "name": "Sveži goveji čevapčiči",
    "url": "",
    "result_class": "product",
    "type": "product",
    "product_id": 10082241,
    "erp_number": "10082241",
    "item_id": 10082241,
    "full_title": "ŽAR LEGENDE Sveži goveji čevapčiči",
    "title": "Sveži goveji čevapčiči",
    "category": "Food",
    "product_type": "RETAIL",
    "age_restriction": false,
    "is_used_product": false,
    "multipack": false,
    "online": false,
    "store": true,
    "quick_add_to_cart": false,
    "flash_sales": false,
    "having_videos": false,
    "having_threesixty": false,
    "price": 3.79,
    "old_price": 4.79,
    "currency_code": "EUR",
    "currency_symbol": "€",
    "has_star": true,
    "has_vat": false,
    "price_theme": "white_red",
    "variants_have_different_prices": false,
    "base_price_text": "1 kg = 7.90",
    "base_price_prefix": false,
    "packaging_text": "480 g",
    "discount_deleted_price": 4.79,
    "discount_text": "- 20 %",
    "discount_percentage": 20,
    "discount_has_star": false,
    "show_discount": true,
    "show_percentage": true,
    "from_recommended_price": false,
    "availability_indicator": 0,
    "online_available": false,
    "min_orderable_quantity": 1,
    "orderable_quantities": [],
    "badge_texts": [
      "V trgovini od 07.07. do 09.07."
    ],
    "badge_types": [
      "IN_STORE_TODAY_DATE_RANGE"
    ],
    "main_image": "https://imgproxy-retcat.assets.schwarz/ZrrJ3125bqJTFFkhKpOQz_98_u3KKPrrGKgc_z3R7MY/sm:1/w:427/h:320/cz/M6Ly9wcm9kLWNhd/GFsb2ctbWVkaWEvc2kvMS9FNkQ5NzJERTE2RTRFMzcwMTE1MjFDREE/5RUJCNzhCNjQ4RDRGODhGODI2Mjg2RkRFMEU4OTk0RTA0MkZGMzRBLmpwZw.jpg",
    "image_list": [
      "https://imgproxy-retcat.assets.schwarz/ZrrJ3125bqJTFFkhKpOQz_98_u3KKPrrGKgc_z3R7MY/sm:1/w:427/h:320/cz/M6Ly9wcm9kLWNhd/GFsb2ctbWVkaWEvc2kvMS9FNkQ5NzJERTE2RTRFMzcwMTE1MjFDREE/5RUJCNzhCNjQ4RDRGODhGODI2Mjg2RkRFMEU4OTk0RTA0MkZGMzRBLmpwZw.jpg"
    ],
    "image_accessibility": "Pakiranje govejih čevapčičev znamke Pik Vrbovec.",
    "detailed_images": [
      {
        "url": "https://imgproxy-retcat.assets.schwarz/ZrrJ3125bqJTFFkhKpOQz_98_u3KKPrrGKgc_z3R7MY/sm:1/w:427/h:320/cz/M6Ly9wcm9kLWNhd/GFsb2ctbWVkaWEvc2kvMS9FNkQ5NzJERTE2RTRFMzcwMTE1MjFDREE/5RUJCNzhCNjQ4RDRGODhGODI2Mjg2RkRFMEU4OTk0RTA0MkZGMzRBLmpwZw.jpg",
        "accessibility": "Pakiranje govejih čevapčičev znamke Pik Vrbovec."
      }
    ],
    "analytics_category": "Food",
    "more_details": "Dodatne podrobnosti o izdelku",
    "won_category_primary": "Svetovi potreb/Hrana in bližnja hrana/Klobase in meso",
    "won_category_primary_path": "0/17/1717",
    "canonical_path": "/p/zar-legende-svezi-goveji-cevapcici/p10082241",
    "canonical_url": "/p/zar-legende-svezi-goveji-cevapcici/p10082241",
    "awards": [],
    "seals": [
      {
        "altText": "Slovenski izdelek",
        "image": "https://imgproxy-retcat.assets.schwarz/065GlWscfuyzRNlqdEjgEaZNE6893872XSglFaanlJA/sm:1/w:140/cz/M6Ly9wcm9kLWNhd/GFsb2ctbWVkaWEvc2kvMi83RTk4NkYyRDk1MTlDRUJBNzA1N0JGMzA/1QjA1NjUyRjVCMjMzNzZGRjY4MzVEREFGQzIwQzE5NDVFQUE5M0RCLnBuZw.png"
      }
    ],
    "ribbons": [],
    "highlighted_seals": 0,
    "lidl_plus": [],
    "regions": [],
    "ians": [
      "7306682"
    ],
    "show_brand": true,
    "deal_of_day_active": false,
    "full_title_meta": "ŽAR LEGENDE Sveži goveji čevapčiči",
    "lists": [
      4986
    ],
    "preview": false,
    "category_breadcrumbs": [
      {
        "id": "10068374",
        "name": "Hrana in pijača",
        "url": "/c/hrana-in-pijaca/s10068374",
        "hidden": false
      },
      {
        "id": "10071016",
        "name": "Meso in mesni izdelki",
        "url": "/h/meso-in-mesni-izdelki/h10071016",
        "hidden": false
      }
    ],
    "campaigns": [
      {
        "id": "Current_Sales_Week",
        "name": "Ta teden",
        "url": null,
        "hidden": false
      },
      {
        "id": "10074822",
        "name": "Tvoja Lidl cena",
        "url": "/c/tvoja-lidl-cena/a10074822",
        "hidden": false
      }
    ],
    "world_of_needs_code": "1717",
    "world_of_needs_name": "Klobase in meso",
    "world_of_needs_parent": "17",
    "is_main_category": true,
    "super_categories": [
      {
        "code": "17",
        "name": "Hrana in bližnja hrana",
        "parent": "0"
      },
      {
        "code": "0",
        "name": "Svetovi potreb",
        "parent": ""
      }
    ],
    "position": 59,
    "tracking_payload": {
      "searchTrackingMasterId": "Product.10082241",
      "searchTrackingTitle": "Sve%C5%BEi+goveji+%C4%8Devap%C4%8Di%C4%8Di",
      "searchTrackingPageSize": 100,
      "searchTrackingPage": 1,
      "searchTrackingEvent": "click",
      "list": "search",
      "searchTrackingId": "Product.10082241",
      "searchTrackingOrigPos": 1,
      "searchTrackingPos": 59,
      "searchTrackingOrigPageSize": 100,
      "searchTrackingChannel": "SI",
      "category": "Food"
    }
  },
  {
    "code": "10078238",
    "name": "Svež ribeye steak",
    "url": "",
    "result_class": "product",
    "type": "product",
    "product_id": 10078238,
    "erp_number": "10078238",
    "item_id": 10078238,
    "full_title": "ŽAR LEGENDE Svež ribeye steak",
    "title": "Svež ribeye steak",
    "category": "Food",
    "product_type": "RETAIL",
    "age_restriction": false,
    "is_used_product": false,
    "multipack": false,
    "online": false,
    "store": true,
    "quick_add_to_cart": false,
    "flash_sales": false,
    "having_videos": false,
    "having_threesixty": false,
    "price": 7.19,
    "old_price": 8.99,
    "currency_code": "EUR",
    "currency_symbol": "€",
    "has_star": true,
    "has_vat": false,
    "price_theme": "white_red",
    "variants_have_different_prices": false,
    "base_price_text": "1 kg = 23.97",
    "base_price_prefix": false,
    "packaging_text": "300 g",
    "discount_deleted_price": 8.99,
    "discount_text": "- 20 %",
    "discount_percentage": 20,
    "discount_has_star": false,
    "show_discount": true,
    "show_percentage": true,
    "from_recommended_price": false,
    "availability_indicator": 0,
    "online_available": false,
    "min_orderable_quantity": 1,
    "orderable_quantities": [],
    "badge_texts": [
      "V trgovini od 03.07. do 09.07."
    ],
    "badge_types": [
      "IN_STORE_PAST_DATE_RANGE"
    ],
    "main_image": "https://imgproxy-retcat.assets.schwarz/KSNwmk9tp2h7nYCA-Lp10MzwP_uK5l9NnX-r9-ShWh4/sm:1/w:427/h:320/cz/M6Ly9wcm9kLWNhd/GFsb2ctbWVkaWEvc2kvMS8zMTQ5QUIwMkExMjAxQjk0OEI5OTg2QzA/2NjcyOEQ5ODAxQ0Q5MUNCMTIxN0FGM0FDQjUwOTAxM0NEQjIyNUI5LmpwZw.jpg",
    "image_list": [
      "https://imgproxy-retcat.assets.schwarz/KSNwmk9tp2h7nYCA-Lp10MzwP_uK5l9NnX-r9-ShWh4/sm:1/w:427/h:320/cz/M6Ly9wcm9kLWNhd/GFsb2ctbWVkaWEvc2kvMS8zMTQ5QUIwMkExMjAxQjk0OEI5OTg2QzA/2NjcyOEQ5ODAxQ0Q5MUNCMTIxN0FGM0FDQjUwOTAxM0NEQjIyNUI5LmpwZw.jpg"
    ],
    "image_accessibility": "Slasten goveji zrezek na temnem krožniku, obdan z granatnim jabolkom in soljo.",
    "detailed_images": [
      {
        "url": "https://imgproxy-retcat.assets.schwarz/KSNwmk9tp2h7nYCA-Lp10MzwP_uK5l9NnX-r9-ShWh4/sm:1/w:427/h:320/cz/M6Ly9wcm9kLWNhd/GFsb2ctbWVkaWEvc2kvMS8zMTQ5QUIwMkExMjAxQjk0OEI5OTg2QzA/2NjcyOEQ5ODAxQ0Q5MUNCMTIxN0FGM0FDQjUwOTAxM0NEQjIyNUI5LmpwZw.jpg",
        "accessibility": "Slasten goveji zrezek na temnem krožniku, obdan z granatnim jabolkom in soljo."
      }
    ],
    "analytics_category": "Food",
    "more_details": "Dodatne podrobnosti o izdelku",
    "won_category_primary": "Svetovi potreb/Hrana in bližnja hrana/Klobase in meso",
    "won_category_primary_path": "0/17/1717",
    "canonical_path": "/p/zar-legende-svez-ribeye-steak/p10078238",
    "canonical_url": "/p/zar-legende-svez-ribeye-steak/p10078238",
    "awards": [],
    "seals": [
      {
        "altText": "Slovenski izdelek",
        "image": "https://imgproxy-retcat.assets.schwarz/065GlWscfuyzRNlqdEjgEaZNE6893872XSglFaanlJA/sm:1/w:140/cz/M6Ly9wcm9kLWNhd/GFsb2ctbWVkaWEvc2kvMi83RTk4NkYyRDk1MTlDRUJBNzA1N0JGMzA/1QjA1NjUyRjVCMjMzNzZGRjY4MzVEREFGQzIwQzE5NDVFQUE5M0RCLnBuZw.png"
      }
    ],
    "ribbons": [],
    "highlighted_seals": 0,
    "lidl_plus": [],
    "regions": [],
    "ians": [
      "7305484"
    ],
    "show_brand": true,
    "deal_of_day_active": false,
    "full_title_meta": "ŽAR LEGENDE Svež ribeye steak",
    "lists": [
      4986
    ],
    "preview": false,
    "category_breadcrumbs": [
      {
        "id": "10068374",
        "name": "Hrana in pijača",
        "url": "/c/hrana-in-pijaca/s10068374",
        "hidden": false
      },
      {
        "id": "10071016",
        "name": "Meso in mesni izdelki",
        "url": "/h/meso-in-mesni-izdelki/h10071016",
        "hidden": false
      }
    ],
    "campaigns": [
      {
        "id": "Current_Sales_Week",
        "name": "Ta teden",
        "url": null,
        "hidden": false
      },
      {
        "id": "10074808",
        "name": "Tvoja Lidl cena",
        "url": "/c/tvoja-lidl-cena/a10074808",
        "hidden": false
      }
    ],
    "world_of_needs_code": "1717",
    "world_of_needs_name": "Klobase in meso",
    "world_of_needs_parent": "17",
    "is_main_category": true,
    "super_categories": [
      {
        "code": "17",
        "name": "Hrana in bližnja hrana",
        "parent": "0"
      },
      {
        "code": "0",
        "name": "Svetovi potreb",
        "parent": ""
      }
    ],
    "position": 60,
    "tracking_payload": {
      "searchTrackingMasterId": "Product.10078238",
      "searchTrackingTitle": "Sve%C5%BE+ribeye+steak",
      "searchTrackingPageSize": 100,
      "searchTrackingPage": 1,
      "searchTrackingEvent": "click",
      "list": "search",
      "searchTrackingId": "Product.10078238",
      "searchTrackingOrigPos": 1,
      "searchTrackingPos": 60,
      "searchTrackingOrigPageSize": 100,
      "searchTrackingChannel": "SI",
      "category": "Food"
    }
  },
  {
    "code": "10082030",
    "name": "Krompirjev kruh",
    "url": "",
    "result_class": "product",
    "type": "product",
    "product_id": 10082030,
    "erp_number": "10082030",
    "item_id": 10082030,
    "full_title": "Krompirjev kruh",
    "title": "Krompirjev kruh",
    "category": "Food",
    "product_type": "RETAIL",
    "age_restriction": false,
    "is_used_product": false,
    "multipack": false,
    "online": false,
    "store": true,
    "quick_add_to_cart": false,
    "flash_sales": false,
    "having_videos": false,
    "having_threesixty": false,
    "price": 1.19,
    "old_price": 1.49,
    "currency_code": "EUR",
    "currency_symbol": "€",
    "has_star": true,
    "has_vat": false,
    "price_theme": "white_red",
    "variants_have_different_prices": false,
    "base_price_text": "1 kg = 2.98",
    "base_price_prefix": false,
    "packaging_text": "400 g",
    "discount_deleted_price": 1.49,
    "discount_text": "- 20 %",
    "discount_percentage": 20,
    "discount_has_star": false,
    "show_discount": true,
    "show_percentage": true,
    "from_recommended_price": false,
    "availability_indicator": 0,
    "online_available": false,
    "min_orderable_quantity": 1,
    "orderable_quantities": [],
    "badge_texts": [
      "V trgovini od 03.07. do 09.07."
    ],
    "badge_types": [
      "IN_STORE_PAST_DATE_RANGE"
    ],
    "main_image": "https://imgproxy-retcat.assets.schwarz/SETwG3R9VzG9HTcA0XtkS-qSdqwQ_nglv68WHhUlDSY/sm:1/w:427/h:320/cz/M6Ly9wcm9kLWNhd/GFsb2ctbWVkaWEvc2kvMS81NDE1MUNCNkFGRDQwMkFENDY4OUVFQjE/wQkNGMjk4REREMjhCQjQ5ODk1QkQxQTlGNEU0NUEzRkQ4NERBNTZGLmpwZw.jpg",
    "image_list": [
      "https://imgproxy-retcat.assets.schwarz/SETwG3R9VzG9HTcA0XtkS-qSdqwQ_nglv68WHhUlDSY/sm:1/w:427/h:320/cz/M6Ly9wcm9kLWNhd/GFsb2ctbWVkaWEvc2kvMS81NDE1MUNCNkFGRDQwMkFENDY4OUVFQjE/wQkNGMjk4REREMjhCQjQ5ODk1QkQxQTlGNEU0NUEzRkQ4NERBNTZGLmpwZw.jpg"
    ],
    "image_accessibility": "Hlebec belega kruha v pletenem košarici.",
    "detailed_images": [
      {
        "url": "https://imgproxy-retcat.assets.schwarz/SETwG3R9VzG9HTcA0XtkS-qSdqwQ_nglv68WHhUlDSY/sm:1/w:427/h:320/cz/M6Ly9wcm9kLWNhd/GFsb2ctbWVkaWEvc2kvMS81NDE1MUNCNkFGRDQwMkFENDY4OUVFQjE/wQkNGMjk4REREMjhCQjQ5ODk1QkQxQTlGNEU0NUEzRkQ4NERBNTZGLmpwZw.jpg",
        "accessibility": "Hlebec belega kruha v pletenem košarici."
      }
    ],
    "analytics_category": "Food",
    "more_details": "Dodatne podrobnosti o izdelku",
    "won_category_primary": "Svetovi potreb/Hrana in bližnja hrana/Kruh in pekovsko pecivo",
    "won_category_primary_path": "0/17/1713",
    "canonical_path": "/p/krompirjev-kruh/p10082030",
    "canonical_url": "/p/krompirjev-kruh/p10082030",
    "awards": [],
    "seals": [],
    "ribbons": [],
    "highlighted_seals": 0,
    "lidl_plus": [],
    "regions": [],
    "ians": [
      "7308033"
    ],
    "show_brand": false,
    "deal_of_day_active": false,
    "full_title_meta": "Krompirjev kruh",
    "lists": [
      4986
    ],
    "preview": false,
    "category_breadcrumbs": [
      {
        "id": "10068374",
        "name": "Hrana in pijača",
        "url": "/c/hrana-in-pijaca/s10068374",
        "hidden": false
      },
      {
        "id": "10071015",
        "name": "Kruh in pekovski izdelki",
        "url": "/h/kruh-in-pekovski-izdelki/h10071015",
        "hidden": false
      }
    ],
    "campaigns": [
      {
        "id": "Current_Sales_Week",
        "name": "Ta teden",
        "url": null,
        "hidden": false
      },
      {
        "id": "10074808",
        "name": "Tvoja Lidl cena",
        "url": "/c/tvoja-lidl-cena/a10074808",
        "hidden": false
      }
    ],
    "world_of_needs_code": "1713",
    "world_of_needs_name": "Kruh in pekovsko pecivo",
    "world_of_needs_parent": "17",
    "is_main_category": true,
    "super_categories": [
      {
        "code": "17",
        "name": "Hrana in bližnja hrana",
        "parent": "0"
      },
      {
        "code": "0",
        "name": "Svetovi potreb",
        "parent": ""
      }
    ],
    "position": 61,
    "tracking_payload": {
      "searchTrackingMasterId": "Product.10082030",
      "searchTrackingTitle": "Krompirjev+kruh",
      "searchTrackingPageSize": 100,
      "searchTrackingPage": 1,
      "searchTrackingEvent": "click",
      "list": "search",
      "searchTrackingId": "Product.10082030",
      "searchTrackingOrigPos": 1,
      "searchTrackingPos": 61,
      "searchTrackingOrigPageSize": 100,
      "searchTrackingChannel": "SI",
      "category": "Food"
    }
  },
  {
    "code": "10082849",
    "name": "Ješprenj",
    "url": "",
    "result_class": "product",
    "type": "product",
    "product_id": 10082849,
    "erp_number": "10082849",
    "item_id": 10082849,
    "full_title": "MLINOTEST Ješprenj",
    "title": "Ješprenj",
    "category": "Food",
    "product_type": "RETAIL",
    "age_restriction": false,
    "is_used_product": false,
    "multipack": false,
    "online": false,
    "store": true,
    "quick_add_to_cart": false,
    "flash_sales": false,
    "having_videos": false,
    "having_threesixty": false,
    "price": 1.84,
    "old_price": 2.17,
    "currency_code": "EUR",
    "currency_symbol": "€",
    "has_star": true,
    "has_vat": false,
    "price_theme": "white_red",
    "variants_have_different_prices": false,
    "base_price_text": null,
    "base_price_prefix": null,
    "packaging_text": "1 kg",
    "discount_deleted_price": 2.17,
    "discount_text": "- 15 %",
    "discount_percentage": 15,
    "discount_has_star": false,
    "show_discount": true,
    "show_percentage": true,
    "from_recommended_price": false,
    "availability_indicator": 0,
    "online_available": false,
    "min_orderable_quantity": 1,
    "orderable_quantities": [],
    "badge_texts": [
      "V trgovini od 24.06."
    ],
    "badge_types": [
      "IN_STORE_FROM_DATE_PAST"
    ],
    "main_image": "https://imgproxy-retcat.assets.schwarz/fTrZDz-1AiKgSY2gsZ_edvKMhSeJtVmEnMELBsYjc2A/sm:1/w:427/h:320/cz/M6Ly9wcm9kLWNhd/GFsb2ctbWVkaWEvaW50LzhERTA2NzA2NDdENEZENkE5ODM2RjBFRk/FBMEQxQ0E4NkFCQjdFMTc3QUNEQzBDNDQyN0NGODQwNEFFQzgzQjEucG5n.png",
    "image_list": [
      "https://imgproxy-retcat.assets.schwarz/fTrZDz-1AiKgSY2gsZ_edvKMhSeJtVmEnMELBsYjc2A/sm:1/w:427/h:320/cz/M6Ly9wcm9kLWNhd/GFsb2ctbWVkaWEvaW50LzhERTA2NzA2NDdENEZENkE5ODM2RjBFRk/FBMEQxQ0E4NkFCQjdFMTc3QUNEQzBDNDQyN0NGODQwNEFFQzgzQjEucG5n.png"
    ],
    "image_accessibility": null,
    "detailed_images": [
      {
        "url": "https://imgproxy-retcat.assets.schwarz/fTrZDz-1AiKgSY2gsZ_edvKMhSeJtVmEnMELBsYjc2A/sm:1/w:427/h:320/cz/M6Ly9wcm9kLWNhd/GFsb2ctbWVkaWEvaW50LzhERTA2NzA2NDdENEZENkE5ODM2RjBFRk/FBMEQxQ0E4NkFCQjdFMTc3QUNEQzBDNDQyN0NGODQwNEFFQzgzQjEucG5n.png",
        "accessibility": null
      }
    ],
    "analytics_category": "Food",
    "more_details": "Dodatne podrobnosti o izdelku",
    "won_category_primary": "Svetovi potreb/Hrana in bližnja hrana/Jajca in osnovna živila (testenine, moka, stročnice itd.)",
    "won_category_primary_path": "0/17/1715",
    "canonical_path": "/p/mlinotest-jesprenj/p10082849",
    "canonical_url": "/p/mlinotest-jesprenj/p10082849",
    "awards": [],
    "seals": [],
    "ribbons": [],
    "highlighted_seals": 0,
    "lidl_plus": [],
    "regions": [],
    "ians": [
      "7300261"
    ],
    "show_brand": true,
    "deal_of_day_active": false,
    "full_title_meta": "MLINOTEST Ješprenj",
    "lists": [
      1651
    ],
    "preview": false,
    "category_breadcrumbs": [
      {
        "id": "10068374",
        "name": "Hrana in pijača",
        "url": "/c/hrana-in-pijaca/s10068374",
        "hidden": false
      },
      {
        "id": "10071045",
        "name": "Jajca in osnovna živila",
        "url": "/h/jajca-in-osnovna-zivila/h10071045",
        "hidden": false
      }
    ],
    "campaigns": [
      {
        "id": "Current_Sales_Week",
        "name": "Ta teden",
        "url": null,
        "hidden": false
      },
      {
        "id": "10025137",
        "name": "Znižano vsaj tri mesece",
        "url": "/c/znizano-vsaj-tri-mesece/a10025137",
        "hidden": false
      }
    ],
    "world_of_needs_code": "1715",
    "world_of_needs_name": "Jajca in osnovna živila (testenine, moka, stročnice itd.)",
    "world_of_needs_parent": "17",
    "is_main_category": true,
    "super_categories": [
      {
        "code": "17",
        "name": "Hrana in bližnja hrana",
        "parent": "0"
      },
      {
        "code": "0",
        "name": "Svetovi potreb",
        "parent": ""
      }
    ],
    "position": 62,
    "tracking_payload": {
      "searchTrackingMasterId": "Product.10082849",
      "searchTrackingTitle": "Je%C5%A1prenj",
      "searchTrackingPageSize": 100,
      "searchTrackingPage": 1,
      "searchTrackingEvent": "click",
      "list": "search",
      "searchTrackingId": "Product.10082849",
      "searchTrackingOrigPos": 1,
      "searchTrackingPos": 62,
      "searchTrackingOrigPageSize": 100,
      "searchTrackingChannel": "SI",
      "category": "Food"
    }
  },
  {
    "code": "10060870",
    "name": "Svež filet de mignon",
    "url": "",
    "result_class": "product",
    "type": "product",
    "product_id": 10060870,
    "erp_number": "10060870",
    "item_id": 10060870,
    "full_title": "ŽAR LEGENDE Svež filet de mignon",
    "title": "Svež filet de mignon",
    "category": "Food",
    "product_type": "RETAIL",
    "age_restriction": false,
    "is_used_product": false,
    "multipack": false,
    "online": false,
    "store": false,
    "quick_add_to_cart": false,
    "flash_sales": false,
    "having_videos": false,
    "having_threesixty": false,
    "price": 6.39,
    "old_price": 7.99,
    "currency_code": "EUR",
    "currency_symbol": "€",
    "has_star": true,
    "has_vat": false,
    "price_theme": "white_red",
    "variants_have_different_prices": false,
    "base_price_text": "1 kg = 31.95",
    "base_price_prefix": false,
    "packaging_text": "200 g",
    "discount_deleted_price": 7.99,
    "discount_text": "- 20 %",
    "discount_percentage": 20,
    "discount_has_star": false,
    "show_discount": true,
    "show_percentage": true,
    "from_recommended_price": false,
    "availability_indicator": 0,
    "online_available": false,
    "min_orderable_quantity": 1,
    "orderable_quantities": [],
    "badge_texts": [
      "V trgovini od 10.07. do 16.07."
    ],
    "badge_types": [
      "IN_STORE_FROM_FUTURE_DATE_RANGE"
    ],
    "main_image": "https://imgproxy-retcat.assets.schwarz/Xqq4Dn_fqRq9y3ufE-vEWl6aKNtk9EUrd-DD4c7fips/sm:1/w:427/h:320/cz/M6Ly9wcm9kLWNhd/GFsb2ctbWVkaWEvc2kvMS82RTEzQkFFMDU2OTI5MjU5RkU5MEVCNDF/COURDMDU0ODEyMzlBMjQxODU0N0REMTlGMDdCMzY4REVFRDZGNDZFLmpwZw.jpg",
    "image_list": [
      "https://imgproxy-retcat.assets.schwarz/Xqq4Dn_fqRq9y3ufE-vEWl6aKNtk9EUrd-DD4c7fips/sm:1/w:427/h:320/cz/M6Ly9wcm9kLWNhd/GFsb2ctbWVkaWEvc2kvMS82RTEzQkFFMDU2OTI5MjU5RkU5MEVCNDF/COURDMDU0ODEyMzlBMjQxODU0N0REMTlGMDdCMzY4REVFRDZGNDZFLmpwZw.jpg"
    ],
    "image_accessibility": "Dva sveža goveja zrezka na črni podlagi.",
    "detailed_images": [
      {
        "url": "https://imgproxy-retcat.assets.schwarz/Xqq4Dn_fqRq9y3ufE-vEWl6aKNtk9EUrd-DD4c7fips/sm:1/w:427/h:320/cz/M6Ly9wcm9kLWNhd/GFsb2ctbWVkaWEvc2kvMS82RTEzQkFFMDU2OTI5MjU5RkU5MEVCNDF/COURDMDU0ODEyMzlBMjQxODU0N0REMTlGMDdCMzY4REVFRDZGNDZFLmpwZw.jpg",
        "accessibility": "Dva sveža goveja zrezka na črni podlagi."
      }
    ],
    "analytics_category": "Food",
    "more_details": "Dodatne podrobnosti o izdelku",
    "won_category_primary": "Svetovi potreb/Hrana in bližnja hrana/Klobase in meso",
    "won_category_primary_path": "0/17/1717",
    "canonical_path": "/p/zar-legende-svez-filet-de-mignon/p10060870",
    "canonical_url": "/p/zar-legende-svez-filet-de-mignon/p10060870",
    "awards": [],
    "seals": [
      {
        "altText": "Slovenski izdelek",
        "image": "https://imgproxy-retcat.assets.schwarz/065GlWscfuyzRNlqdEjgEaZNE6893872XSglFaanlJA/sm:1/w:140/cz/M6Ly9wcm9kLWNhd/GFsb2ctbWVkaWEvc2kvMi83RTk4NkYyRDk1MTlDRUJBNzA1N0JGMzA/1QjA1NjUyRjVCMjMzNzZGRjY4MzVEREFGQzIwQzE5NDVFQUE5M0RCLnBuZw.png"
      }
    ],
    "ribbons": [],
    "highlighted_seals": 0,
    "lidl_plus": [],
    "regions": [],
    "ians": [
      "7303631"
    ],
    "show_brand": true,
    "deal_of_day_active": false,
    "full_title_meta": "ŽAR LEGENDE Svež filet de mignon",
    "lists": [
      4951,
      4991
    ],
    "preview": false,
    "category_breadcrumbs": [
      {
        "id": "10068374",
        "name": "Hrana in pijača",
        "url": "/c/hrana-in-pijaca/s10068374",
        "hidden": false
      },
      {
        "id": "10071016",
        "name": "Meso in mesni izdelki",
        "url": "/h/meso-in-mesni-izdelki/h10071016",
        "hidden": false
      }
    ],
    "campaigns": [
      {
        "id": "Current_Sales_Week",
        "name": "Ta teden",
        "url": null,
        "hidden": false
      },
      {
        "id": "10024188",
        "name": "Lidl Plus",
        "url": "/c/lidl-plus/a10024188",
        "hidden": false
      }
    ],
    "world_of_needs_code": "1717",
    "world_of_needs_name": "Klobase in meso",
    "world_of_needs_parent": "17",
    "is_main_category": true,
    "super_categories": [
      {
        "code": "17",
        "name": "Hrana in bližnja hrana",
        "parent": "0"
      },
      {
        "code": "0",
        "name": "Svetovi potreb",
        "parent": ""
      }
    ],
    "position": 63,
    "tracking_payload": {
      "searchTrackingMasterId": "Product.10060870",
      "searchTrackingTitle": "Sve%C5%BE+filet+de+mignon",
      "searchTrackingPageSize": 100,
      "searchTrackingPage": 1,
      "searchTrackingEvent": "click",
      "list": "search",
      "searchTrackingId": "Product.10060870",
      "searchTrackingOrigPos": 1,
      "searchTrackingPos": 63,
      "searchTrackingOrigPageSize": 100,
      "searchTrackingChannel": "SI",
      "category": "Food"
    }
  },
  {
    "code": "10082835",
    "name": "Ekstra deviško oljčno olje",
    "url": "",
    "result_class": "product",
    "type": "product",
    "product_id": 10082835,
    "erp_number": "10082835",
    "item_id": 10082835,
    "full_title": "PRIMADONNA Ekstra deviško oljčno olje",
    "title": "Ekstra deviško oljčno olje",
    "category": "Food",
    "product_type": "RETAIL",
    "age_restriction": false,
    "is_used_product": false,
    "multipack": false,
    "online": false,
    "store": true,
    "quick_add_to_cart": false,
    "flash_sales": false,
    "having_videos": false,
    "having_threesixty": false,
    "price": 7.98,
    "old_price": 8.99,
    "currency_code": "EUR",
    "currency_symbol": "€",
    "has_star": true,
    "has_vat": false,
    "price_theme": "white_red",
    "variants_have_different_prices": false,
    "base_price_text": null,
    "base_price_prefix": null,
    "packaging_text": "1 l",
    "discount_deleted_price": 8.99,
    "discount_text": "- 11 %",
    "discount_percentage": 11,
    "discount_has_star": false,
    "show_discount": true,
    "show_percentage": true,
    "from_recommended_price": false,
    "availability_indicator": 0,
    "online_available": false,
    "min_orderable_quantity": 1,
    "orderable_quantities": [],
    "badge_texts": [
      "V trgovini od 26.06."
    ],
    "badge_types": [
      "IN_STORE_FROM_DATE_PAST"
    ],
    "main_image": "https://imgproxy-retcat.assets.schwarz/itTYnxp30D5e3kNA74a1dzIfD0CczLuxVfSdsddFfvs/sm:1/w:427/h:320/cz/M6Ly9wcm9kLWNhd/GFsb2ctbWVkaWEvaW50LzdDNDg5MEQ1REZDNjM0QjJCRTJGQ0EyQT/VCQjJDRUZGN0RBNjI0NzZFMDAxQzk0NUY1N0QxRTVFNjZCNTlGNjYucG5n.png",
    "image_list": [
      "https://imgproxy-retcat.assets.schwarz/itTYnxp30D5e3kNA74a1dzIfD0CczLuxVfSdsddFfvs/sm:1/w:427/h:320/cz/M6Ly9wcm9kLWNhd/GFsb2ctbWVkaWEvaW50LzdDNDg5MEQ1REZDNjM0QjJCRTJGQ0EyQT/VCQjJDRUZGN0RBNjI0NzZFMDAxQzk0NUY1N0QxRTVFNjZCNTlGNjYucG5n.png"
    ],
    "image_accessibility": null,
    "detailed_images": [
      {
        "url": "https://imgproxy-retcat.assets.schwarz/itTYnxp30D5e3kNA74a1dzIfD0CczLuxVfSdsddFfvs/sm:1/w:427/h:320/cz/M6Ly9wcm9kLWNhd/GFsb2ctbWVkaWEvaW50LzdDNDg5MEQ1REZDNjM0QjJCRTJGQ0EyQT/VCQjJDRUZGN0RBNjI0NzZFMDAxQzk0NUY1N0QxRTVFNjZCNTlGNjYucG5n.png",
        "accessibility": null
      }
    ],
    "analytics_category": "Food",
    "more_details": "Dodatne podrobnosti o izdelku",
    "won_category_primary": "Svetovi potreb/Hrana in bližnja hrana/Maščobe, olja, kis in konzerve",
    "won_category_primary_path": "0/17/1735",
    "canonical_path": "/p/primadonna-ekstra-devisko-oljcno-olje/p10082835",
    "canonical_url": "/p/primadonna-ekstra-devisko-oljcno-olje/p10082835",
    "awards": [],
    "seals": [],
    "ribbons": [],
    "highlighted_seals": 0,
    "lidl_plus": [],
    "regions": [],
    "ians": [
      "26466"
    ],
    "show_brand": true,
    "deal_of_day_active": false,
    "full_title_meta": "PRIMADONNA Ekstra deviško oljčno olje",
    "lists": [
      1651
    ],
    "preview": false,
    "category_breadcrumbs": [
      {
        "id": "10068374",
        "name": "Hrana in pijača",
        "url": "/c/hrana-in-pijaca/s10068374",
        "hidden": false
      },
      {
        "id": "10071681",
        "name": "Maščobe, olja, kis in konzerve",
        "url": "/h/mascobe-olja-kis-in-konzerve/h10071681",
        "hidden": false
      }
    ],
    "campaigns": [
      {
        "id": "Current_Sales_Week",
        "name": "Ta teden",
        "url": null,
        "hidden": false
      },
      {
        "id": "10025137",
        "name": "Znižano vsaj tri mesece",
        "url": "/c/znizano-vsaj-tri-mesece/a10025137",
        "hidden": false
      }
    ],
    "world_of_needs_code": "1735",
    "world_of_needs_name": "Maščobe, olja, kis in konzerve",
    "world_of_needs_parent": "17",
    "is_main_category": true,
    "super_categories": [
      {
        "code": "17",
        "name": "Hrana in bližnja hrana",
        "parent": "0"
      },
      {
        "code": "0",
        "name": "Svetovi potreb",
        "parent": ""
      }
    ],
    "position": 64,
    "tracking_payload": {
      "searchTrackingMasterId": "Product.10082835",
      "searchTrackingTitle": "Ekstra+devi%C5%A1ko+olj%C4%8Dno+olje",
      "searchTrackingPageSize": 100,
      "searchTrackingPage": 1,
      "searchTrackingEvent": "click",
      "list": "search",
      "searchTrackingId": "Product.10082835",
      "searchTrackingOrigPos": 1,
      "searchTrackingPos": 64,
      "searchTrackingOrigPageSize": 100,
      "searchTrackingChannel": "SI",
      "category": "Food"
    }
  },
  {
    "code": "10082836",
    "name": "Ekstra deviško oljčno olje",
    "url": "",
    "result_class": "product",
    "type": "product",
    "product_id": 10082836,
    "erp_number": "10082836",
    "item_id": 10082836,
    "full_title": "PRIMADONNA Ekstra deviško oljčno olje",
    "title": "Ekstra deviško oljčno olje",
    "category": "Food",
    "product_type": "RETAIL",
    "age_restriction": false,
    "is_used_product": false,
    "multipack": false,
    "online": false,
    "store": true,
    "quick_add_to_cart": false,
    "flash_sales": false,
    "having_videos": false,
    "having_threesixty": false,
    "price": 7.99,
    "old_price": 8.99,
    "currency_code": "EUR",
    "currency_symbol": "€",
    "has_star": true,
    "has_vat": false,
    "price_theme": "white_red",
    "variants_have_different_prices": false,
    "base_price_text": "1 l = 10.65",
    "base_price_prefix": false,
    "packaging_text": "750 ml",
    "discount_deleted_price": 8.99,
    "discount_text": "- 11 %",
    "discount_percentage": 11,
    "discount_has_star": false,
    "show_discount": true,
    "show_percentage": true,
    "from_recommended_price": false,
    "availability_indicator": 0,
    "online_available": false,
    "min_orderable_quantity": 1,
    "orderable_quantities": [],
    "badge_texts": [
      "V trgovini od 24.06."
    ],
    "badge_types": [
      "IN_STORE_FROM_DATE_PAST"
    ],
    "main_image": "https://imgproxy-retcat.assets.schwarz/x7ubIMk4XvVv0fQ_azfpNmJHPAWBDGibqfoJfYc3K8Y/sm:1/w:427/h:320/cz/M6Ly9wcm9kLWNhd/GFsb2ctbWVkaWEvaW50L0U0ODgxNDMyRjdEMjQ0M0M1NzM5ODhEMk/RCMUY2NEI0MTBBRUU1MTgxMDBBNjlENUFERjBDOTdGOEY2QjI1RDMucG5n.png",
    "image_list": [
      "https://imgproxy-retcat.assets.schwarz/x7ubIMk4XvVv0fQ_azfpNmJHPAWBDGibqfoJfYc3K8Y/sm:1/w:427/h:320/cz/M6Ly9wcm9kLWNhd/GFsb2ctbWVkaWEvaW50L0U0ODgxNDMyRjdEMjQ0M0M1NzM5ODhEMk/RCMUY2NEI0MTBBRUU1MTgxMDBBNjlENUFERjBDOTdGOEY2QjI1RDMucG5n.png"
    ],
    "image_accessibility": null,
    "detailed_images": [
      {
        "url": "https://imgproxy-retcat.assets.schwarz/x7ubIMk4XvVv0fQ_azfpNmJHPAWBDGibqfoJfYc3K8Y/sm:1/w:427/h:320/cz/M6Ly9wcm9kLWNhd/GFsb2ctbWVkaWEvaW50L0U0ODgxNDMyRjdEMjQ0M0M1NzM5ODhEMk/RCMUY2NEI0MTBBRUU1MTgxMDBBNjlENUFERjBDOTdGOEY2QjI1RDMucG5n.png",
        "accessibility": null
      }
    ],
    "analytics_category": "Food",
    "more_details": "Dodatne podrobnosti o izdelku",
    "won_category_primary": "Svetovi potreb/Hrana in bližnja hrana/Maščobe, olja, kis in konzerve",
    "won_category_primary_path": "0/17/1735",
    "canonical_path": "/p/primadonna-ekstra-devisko-oljcno-olje/p10082836",
    "canonical_url": "/p/primadonna-ekstra-devisko-oljcno-olje/p10082836",
    "awards": [],
    "seals": [],
    "ribbons": [],
    "highlighted_seals": 0,
    "lidl_plus": [],
    "regions": [],
    "ians": [
      "68400"
    ],
    "show_brand": true,
    "deal_of_day_active": false,
    "full_title_meta": "PRIMADONNA Ekstra deviško oljčno olje",
    "lists": [
      1651
    ],
    "preview": false,
    "category_breadcrumbs": [
      {
        "id": "10068374",
        "name": "Hrana in pijača",
        "url": "/c/hrana-in-pijaca/s10068374",
        "hidden": false
      },
      {
        "id": "10071681",
        "name": "Maščobe, olja, kis in konzerve",
        "url": "/h/mascobe-olja-kis-in-konzerve/h10071681",
        "hidden": false
      }
    ],
    "campaigns": [
      {
        "id": "Current_Sales_Week",
        "name": "Ta teden",
        "url": null,
        "hidden": false
      },
      {
        "id": "10025137",
        "name": "Znižano vsaj tri mesece",
        "url": "/c/znizano-vsaj-tri-mesece/a10025137",
        "hidden": false
      }
    ],
    "world_of_needs_code": "1735",
    "world_of_needs_name": "Maščobe, olja, kis in konzerve",
    "world_of_needs_parent": "17",
    "is_main_category": true,
    "super_categories": [
      {
        "code": "17",
        "name": "Hrana in bližnja hrana",
        "parent": "0"
      },
      {
        "code": "0",
        "name": "Svetovi potreb",
        "parent": ""
      }
    ],
    "position": 65,
    "tracking_payload": {
      "searchTrackingMasterId": "Product.10082836",
      "searchTrackingTitle": "Ekstra+devi%C5%A1ko+olj%C4%8Dno+olje",
      "searchTrackingPageSize": 100,
      "searchTrackingPage": 1,
      "searchTrackingEvent": "click",
      "list": "search",
      "searchTrackingId": "Product.10082836",
      "searchTrackingOrigPos": 1,
      "searchTrackingPos": 65,
      "searchTrackingOrigPageSize": 100,
      "searchTrackingChannel": "SI",
      "category": "Food"
    }
  },
  {
    "code": "10082846",
    "name": "File aljaškega polaka",
    "url": "",
    "result_class": "product",
    "type": "product",
    "product_id": 10082846,
    "erp_number": "10082846",
    "item_id": 10082846,
    "full_title": "OCEAN SEA File aljaškega polaka",
    "title": "File aljaškega polaka",
    "category": "Food",
    "product_type": "RETAIL",
    "age_restriction": false,
    "is_used_product": false,
    "multipack": false,
    "online": false,
    "store": true,
    "quick_add_to_cart": false,
    "flash_sales": false,
    "having_videos": false,
    "having_threesixty": false,
    "price": 5.69,
    "old_price": 6.29,
    "currency_code": "EUR",
    "currency_symbol": "€",
    "has_star": true,
    "has_vat": false,
    "price_theme": "white_red",
    "variants_have_different_prices": false,
    "base_price_text": null,
    "base_price_prefix": null,
    "packaging_text": "1 kg",
    "discount_deleted_price": 6.29,
    "discount_text": "CENEJE!",
    "discount_percentage": 9,
    "discount_has_star": false,
    "show_discount": true,
    "show_percentage": false,
    "from_recommended_price": false,
    "availability_indicator": 0,
    "online_available": false,
    "min_orderable_quantity": 1,
    "orderable_quantities": [],
    "badge_texts": [
      "V trgovini od 24.06."
    ],
    "badge_types": [
      "IN_STORE_FROM_DATE_PAST"
    ],
    "main_image": "https://imgproxy-retcat.assets.schwarz/9vAxkC-iQPYFpH_iFAcpqmOeeP_VcNqnnrNawZOGYnA/sm:1/w:427/h:320/cz/M6Ly9wcm9kLWNhd/GFsb2ctbWVkaWEvaW50L0QyMkZENEU1M0U0MTRGOUVBMzExRUI3Nz/M4MjJGRTlGOUVDQjgzQjE2NkE2ODhGRkY5RjVDQjFFNDMwMkNBRTYucG5n.png",
    "image_list": [
      "https://imgproxy-retcat.assets.schwarz/9vAxkC-iQPYFpH_iFAcpqmOeeP_VcNqnnrNawZOGYnA/sm:1/w:427/h:320/cz/M6Ly9wcm9kLWNhd/GFsb2ctbWVkaWEvaW50L0QyMkZENEU1M0U0MTRGOUVBMzExRUI3Nz/M4MjJGRTlGOUVDQjgzQjE2NkE2ODhGRkY5RjVDQjFFNDMwMkNBRTYucG5n.png"
    ],
    "image_accessibility": "Fileji aljaškega pollaka Ocean Sea, brez kože, XXL, 7-15 kosov, 50g.",
    "detailed_images": [
      {
        "url": "https://imgproxy-retcat.assets.schwarz/9vAxkC-iQPYFpH_iFAcpqmOeeP_VcNqnnrNawZOGYnA/sm:1/w:427/h:320/cz/M6Ly9wcm9kLWNhd/GFsb2ctbWVkaWEvaW50L0QyMkZENEU1M0U0MTRGOUVBMzExRUI3Nz/M4MjJGRTlGOUVDQjgzQjE2NkE2ODhGRkY5RjVDQjFFNDMwMkNBRTYucG5n.png",
        "accessibility": "Fileji aljaškega pollaka Ocean Sea, brez kože, XXL, 7-15 kosov, 50g."
      }
    ],
    "analytics_category": "Food",
    "more_details": "Dodatne podrobnosti o izdelku",
    "won_category_primary": "Svetovi potreb/Hrana in bližnja hrana/Ribe in morski sadeži",
    "won_category_primary_path": "0/17/1733",
    "canonical_path": "/p/ocean-sea-file-aljaskega-polaka/p10082846",
    "canonical_url": "/p/ocean-sea-file-aljaskega-polaka/p10082846",
    "awards": [],
    "seals": [
      {
        "altText": "MSC certifikat: www.msc.org",
        "image": "https://imgproxy-retcat.assets.schwarz/7aFLVBiXSKnXe-X8zk3U9iX3aN2cdhITUKpD8Sbzkc8/sm:1/w:140/cz/M6Ly9wcm9kLWNhd/GFsb2ctbWVkaWEvc2kvMi8yQUYxNUQ3ODdFNjg3MzMwQ0VDNEM1QUZ/GNThENDFGRDUxRjc2OTk2RDI5NkZERDc4MjA4QTUyNzAyRjU1Nzc5LnBuZw.png"
      },
      {
        "altText": "Znak: Zamrznjeno",
        "image": "https://imgproxy-retcat.assets.schwarz/ayWyw20LfIYJzOhoc4KvR8G0z3S3CSGFD0vHUIK3dgY/sm:1/w:140/cz/M6Ly9wcm9kLWNhd/GFsb2ctbWVkaWEvc2kvMi81NkZCNjYzMzA5NkRFMERFNzUzNEI1ODY/xRDQ4Q0MxRTkxQkUzNUMxOTBGNTAyMURGMjJGODEyQzk0ODhCNTYwLnBuZw.png"
      }
    ],
    "ribbons": [],
    "highlighted_seals": 0,
    "lidl_plus": [],
    "regions": [],
    "ians": [
      "5509003"
    ],
    "show_brand": true,
    "deal_of_day_active": false,
    "full_title_meta": "OCEAN SEA File aljaškega polaka",
    "lists": [
      1651
    ],
    "preview": false,
    "category_breadcrumbs": [
      {
        "id": "10068374",
        "name": "Hrana in pijača",
        "url": "/c/hrana-in-pijaca/s10068374",
        "hidden": false
      },
      {
        "id": "10071050",
        "name": "Ribe in morski sadeži",
        "url": "/h/ribe-in-morski-sadezi/h10071050",
        "hidden": false
      }
    ],
    "campaigns": [
      {
        "id": "Current_Sales_Week",
        "name": "Ta teden",
        "url": null,
        "hidden": false
      },
      {
        "id": "10025137",
        "name": "Znižano vsaj tri mesece",
        "url": "/c/znizano-vsaj-tri-mesece/a10025137",
        "hidden": false
      }
    ],
    "world_of_needs_code": "1733",
    "world_of_needs_name": "Ribe in morski sadeži",
    "world_of_needs_parent": "17",
    "is_main_category": true,
    "super_categories": [
      {
        "code": "17",
        "name": "Hrana in bližnja hrana",
        "parent": "0"
      },
      {
        "code": "0",
        "name": "Svetovi potreb",
        "parent": ""
      }
    ],
    "position": 66,
    "tracking_payload": {
      "searchTrackingMasterId": "Product.10082846",
      "searchTrackingTitle": "File+alja%C5%A1kega+polaka",
      "searchTrackingPageSize": 100,
      "searchTrackingPage": 1,
      "searchTrackingEvent": "click",
      "list": "search",
      "searchTrackingId": "Product.10082846",
      "searchTrackingOrigPos": 1,
      "searchTrackingPos": 66,
      "searchTrackingOrigPageSize": 100,
      "searchTrackingChannel": "SI",
      "category": "Food"
    }
  },
  {
    "code": "10082852",
    "name": "Zelenjava za juho",
    "url": "",
    "result_class": "product",
    "type": "product",
    "product_id": 10082852,
    "erp_number": "10082852",
    "item_id": 10082852,
    "full_title": "FRESHONA Zelenjava za juho",
    "title": "Zelenjava za juho",
    "category": "Food",
    "product_type": "RETAIL",
    "age_restriction": false,
    "is_used_product": false,
    "multipack": false,
    "online": false,
    "store": true,
    "quick_add_to_cart": false,
    "flash_sales": false,
    "having_videos": false,
    "having_threesixty": false,
    "price": 2.99,
    "old_price": 3.29,
    "currency_code": "EUR",
    "currency_symbol": "€",
    "has_star": true,
    "has_vat": false,
    "price_theme": "white_red",
    "variants_have_different_prices": false,
    "base_price_text": "1 kg = 1.99",
    "base_price_prefix": false,
    "packaging_text": "1,5 kg",
    "discount_deleted_price": 3.29,
    "discount_text": "CENEJE!",
    "discount_percentage": 9,
    "discount_has_star": false,
    "show_discount": true,
    "show_percentage": false,
    "from_recommended_price": false,
    "availability_indicator": 0,
    "online_available": false,
    "min_orderable_quantity": 1,
    "orderable_quantities": [],
    "badge_texts": [
      "V trgovini od 27.06."
    ],
    "badge_types": [
      "IN_STORE_FROM_DATE_PAST"
    ],
    "main_image": "https://imgproxy-retcat.assets.schwarz/KvTHsAKyTjTwaA-cGYorCuTf45PstE5U9cxswHzN5Oo/sm:1/w:427/h:320/cz/M6Ly9wcm9kLWNhd/GFsb2ctbWVkaWEvc2kvMS8wRUI1M0JEM0E1MUYwNURFRjhCOUE3MzY/0MDU1MzNCQjA3RDVBMzI5OUE2QkI0OUYwNTlBNzlCNjQ0N0JCRjYyLmpwZw.jpg",
    "image_list": [
      "https://imgproxy-retcat.assets.schwarz/KvTHsAKyTjTwaA-cGYorCuTf45PstE5U9cxswHzN5Oo/sm:1/w:427/h:320/cz/M6Ly9wcm9kLWNhd/GFsb2ctbWVkaWEvc2kvMS8wRUI1M0JEM0E1MUYwNURFRjhCOUE3MzY/0MDU1MzNCQjA3RDVBMzI5OUE2QkI0OUYwNTlBNzlCNjQ0N0JCRjYyLmpwZw.jpg"
    ],
    "image_accessibility": "Zamrznjena mešanica zelenjave Vegeta.",
    "detailed_images": [
      {
        "url": "https://imgproxy-retcat.assets.schwarz/KvTHsAKyTjTwaA-cGYorCuTf45PstE5U9cxswHzN5Oo/sm:1/w:427/h:320/cz/M6Ly9wcm9kLWNhd/GFsb2ctbWVkaWEvc2kvMS8wRUI1M0JEM0E1MUYwNURFRjhCOUE3MzY/0MDU1MzNCQjA3RDVBMzI5OUE2QkI0OUYwNTlBNzlCNjQ0N0JCRjYyLmpwZw.jpg",
        "accessibility": "Zamrznjena mešanica zelenjave Vegeta."
      }
    ],
    "analytics_category": "Food",
    "more_details": "Dodatne podrobnosti o izdelku",
    "won_category_primary": "Svetovi potreb/Hrana in bližnja hrana/Zamrznjena hrana (Zamrznjena hrana)",
    "won_category_primary_path": "0/17/1716",
    "canonical_path": "/p/freshona-zelenjava-za-juho/p10082852",
    "canonical_url": "/p/freshona-zelenjava-za-juho/p10082852",
    "awards": [],
    "seals": [
      {
        "altText": "Znak: Zamrznjeno",
        "image": "https://imgproxy-retcat.assets.schwarz/ayWyw20LfIYJzOhoc4KvR8G0z3S3CSGFD0vHUIK3dgY/sm:1/w:140/cz/M6Ly9wcm9kLWNhd/GFsb2ctbWVkaWEvc2kvMi81NkZCNjYzMzA5NkRFMERFNzUzNEI1ODY/xRDQ4Q0MxRTkxQkUzNUMxOTBGNTAyMURGMjJGODEyQzk0ODhCNTYwLnBuZw.png"
      }
    ],
    "ribbons": [],
    "highlighted_seals": 0,
    "lidl_plus": [],
    "regions": [],
    "ians": [
      "12189"
    ],
    "show_brand": true,
    "deal_of_day_active": false,
    "full_title_meta": "FRESHONA Zelenjava za juho",
    "lists": [
      1651
    ],
    "preview": false,
    "category_breadcrumbs": [
      {
        "id": "10068374",
        "name": "Hrana in pijača",
        "url": "/c/hrana-in-pijaca/s10068374",
        "hidden": false
      },
      {
        "id": "10071049",
        "name": "Zamrznjena hrana",
        "url": "/h/zamrznjena-hrana/h10071049",
        "hidden": false
      }
    ],
    "campaigns": [
      {
        "id": "Current_Sales_Week",
        "name": "Ta teden",
        "url": null,
        "hidden": false
      },
      {
        "id": "10025137",
        "name": "Znižano vsaj tri mesece",
        "url": "/c/znizano-vsaj-tri-mesece/a10025137",
        "hidden": false
      }
    ],
    "world_of_needs_code": "1716",
    "world_of_needs_name": "Zamrznjena hrana (Zamrznjena hrana)",
    "world_of_needs_parent": "17",
    "is_main_category": true,
    "super_categories": [
      {
        "code": "17",
        "name": "Hrana in bližnja hrana",
        "parent": "0"
      },
      {
        "code": "0",
        "name": "Svetovi potreb",
        "parent": ""
      }
    ],
    "position": 67,
    "tracking_payload": {
      "searchTrackingMasterId": "Product.10082852",
      "searchTrackingTitle": "Zelenjava+za+juho",
      "searchTrackingPageSize": 100,
      "searchTrackingPage": 1,
      "searchTrackingEvent": "click",
      "list": "search",
      "searchTrackingId": "Product.10082852",
      "searchTrackingOrigPos": 1,
      "searchTrackingPos": 67,
      "searchTrackingOrigPageSize": 100,
      "searchTrackingChannel": "SI",
      "category": "Food"
    }
  },
  {
    "code": "10082833",
    "name": "Jelenov kruh",
    "url": "",
    "result_class": "product",
    "type": "product",
    "product_id": 10082833,
    "erp_number": "10082833",
    "item_id": 10082833,
    "full_title": "Jelenov kruh",
    "title": "Jelenov kruh",
    "category": "Food",
    "product_type": "RETAIL",
    "age_restriction": false,
    "is_used_product": false,
    "multipack": false,
    "online": false,
    "store": true,
    "quick_add_to_cart": false,
    "flash_sales": false,
    "having_videos": false,
    "having_threesixty": false,
    "price": 2.25,
    "old_price": 2.39,
    "currency_code": "EUR",
    "currency_symbol": "€",
    "has_star": true,
    "has_vat": false,
    "price_theme": "white_red",
    "variants_have_different_prices": false,
    "base_price_text": "1 kg = 4.50",
    "base_price_prefix": false,
    "packaging_text": "500 g",
    "discount_deleted_price": 2.39,
    "discount_text": "CENEJE!",
    "discount_percentage": 5,
    "discount_has_star": false,
    "show_discount": true,
    "show_percentage": false,
    "from_recommended_price": false,
    "availability_indicator": 0,
    "online_available": false,
    "min_orderable_quantity": 1,
    "orderable_quantities": [],
    "badge_texts": [
      "V trgovini od 23.06."
    ],
    "badge_types": [
      "IN_STORE_FROM_DATE_PAST"
    ],
    "main_image": "https://imgproxy-retcat.assets.schwarz/421T-D6WcS0LQCN6zLbl9s-daO8Yai74PWSZ42P0X4I/sm:1/w:427/h:320/cz/M6Ly9wcm9kLWNhd/GFsb2ctbWVkaWEvaW50LzVBRTFGRDIxMTM1NTZDOEIzQ0Y2NDhFRT/gyOEQ2RUU4OEYwNkVEREM1QjYyNzk0MzUxMjQ0MDE5QzMzOTI2RkQucG5n.png",
    "image_list": [
      "https://imgproxy-retcat.assets.schwarz/421T-D6WcS0LQCN6zLbl9s-daO8Yai74PWSZ42P0X4I/sm:1/w:427/h:320/cz/M6Ly9wcm9kLWNhd/GFsb2ctbWVkaWEvaW50LzVBRTFGRDIxMTM1NTZDOEIzQ0Y2NDhFRT/gyOEQ2RUU4OEYwNkVEREM1QjYyNzk0MzUxMjQ0MDE5QzMzOTI2RkQucG5n.png"
    ],
    "image_accessibility": null,
    "detailed_images": [
      {
        "url": "https://imgproxy-retcat.assets.schwarz/421T-D6WcS0LQCN6zLbl9s-daO8Yai74PWSZ42P0X4I/sm:1/w:427/h:320/cz/M6Ly9wcm9kLWNhd/GFsb2ctbWVkaWEvaW50LzVBRTFGRDIxMTM1NTZDOEIzQ0Y2NDhFRT/gyOEQ2RUU4OEYwNkVEREM1QjYyNzk0MzUxMjQ0MDE5QzMzOTI2RkQucG5n.png",
        "accessibility": null
      }
    ],
    "analytics_category": "Food",
    "more_details": "Dodatne podrobnosti o izdelku",
    "won_category_primary": "Svetovi potreb/Hrana in bližnja hrana/Klobase in meso",
    "won_category_primary_path": "0/17/1717",
    "canonical_path": "/p/jelenov-kruh/p10082833",
    "canonical_url": "/p/jelenov-kruh/p10082833",
    "awards": [],
    "seals": [
      {
        "altText": "Zvezda odlične kakovosti 2021–2025.",
        "image": "https://imgproxy-retcat.assets.schwarz/IC51k1Wib6lnx5pAjIrjRiXneMVLYuWsXBsol9D4_S4/sm:1/w:140/cz/M6Ly9wcm9kLWNhd/GFsb2ctbWVkaWEvc2kvMi8wMzlCRjM2MEQxNjc0MjJEMzQ5Q0JFRUV/DQTQzQkRBMkNCNTA0QjYyODRFMDU5N0Y4MzM4NTFCQTFFNUYxMzk4LnBuZw.png"
      }
    ],
    "ribbons": [],
    "highlighted_seals": 0,
    "lidl_plus": [],
    "regions": [],
    "ians": [
      "7300518"
    ],
    "show_brand": false,
    "deal_of_day_active": false,
    "full_title_meta": "Jelenov kruh",
    "lists": [
      1651
    ],
    "preview": false,
    "category_breadcrumbs": [
      {
        "id": "10068374",
        "name": "Hrana in pijača",
        "url": "/c/hrana-in-pijaca/s10068374",
        "hidden": false
      },
      {
        "id": "10071016",
        "name": "Meso in mesni izdelki",
        "url": "/h/meso-in-mesni-izdelki/h10071016",
        "hidden": false
      }
    ],
    "campaigns": [
      {
        "id": "Current_Sales_Week",
        "name": "Ta teden",
        "url": null,
        "hidden": false
      },
      {
        "id": "10025137",
        "name": "Znižano vsaj tri mesece",
        "url": "/c/znizano-vsaj-tri-mesece/a10025137",
        "hidden": false
      }
    ],
    "world_of_needs_code": "1717",
    "world_of_needs_name": "Klobase in meso",
    "world_of_needs_parent": "17",
    "is_main_category": true,
    "super_categories": [
      {
        "code": "17",
        "name": "Hrana in bližnja hrana",
        "parent": "0"
      },
      {
        "code": "0",
        "name": "Svetovi potreb",
        "parent": ""
      }
    ],
    "position": 68,
    "tracking_payload": {
      "searchTrackingMasterId": "Product.10082833",
      "searchTrackingTitle": "Jelenov+kruh",
      "searchTrackingPageSize": 100,
      "searchTrackingPage": 1,
      "searchTrackingEvent": "click",
      "list": "search",
      "searchTrackingId": "Product.10082833",
      "searchTrackingOrigPos": 1,
      "searchTrackingPos": 68,
      "searchTrackingOrigPageSize": 100,
      "searchTrackingChannel": "SI",
      "category": "Food"
    }
  },
  {
    "code": "10082834",
    "name": "Hribovc mešani",
    "url": "",
    "result_class": "product",
    "type": "product",
    "product_id": 10082834,
    "erp_number": "10082834",
    "item_id": 10082834,
    "full_title": "Hribovc mešani",
    "title": "Hribovc mešani",
    "category": "Food",
    "product_type": "RETAIL",
    "age_restriction": false,
    "is_used_product": false,
    "multipack": false,
    "online": false,
    "store": true,
    "quick_add_to_cart": false,
    "flash_sales": false,
    "having_videos": false,
    "having_threesixty": false,
    "price": 2.25,
    "old_price": 2.39,
    "currency_code": "EUR",
    "currency_symbol": "€",
    "has_star": true,
    "has_vat": false,
    "price_theme": "white_red",
    "variants_have_different_prices": false,
    "base_price_text": "1 kg = 4.50",
    "base_price_prefix": false,
    "packaging_text": "500 g",
    "discount_deleted_price": 2.39,
    "discount_text": "CENEJE!",
    "discount_percentage": 5,
    "discount_has_star": false,
    "show_discount": true,
    "show_percentage": false,
    "from_recommended_price": false,
    "availability_indicator": 0,
    "online_available": false,
    "min_orderable_quantity": 1,
    "orderable_quantities": [],
    "badge_texts": [
      "V trgovini od 23.06."
    ],
    "badge_types": [
      "IN_STORE_FROM_DATE_PAST"
    ],
    "main_image": "https://imgproxy-retcat.assets.schwarz/qosc96uXMWvauDmHh0qE0pwwN1faaAvTL-u9opo2cf4/sm:1/w:427/h:320/cz/M6Ly9wcm9kLWNhd/GFsb2ctbWVkaWEvaW50L0VEMDAzNjEwNzE2QkQzOTFGNjJFRTRGMT/hFNUI0RDUwQkE5NjRFNTM3RjhFNkM4OUFCMDAyRTEwMDNEMzU4MzYucG5n.png",
    "image_list": [
      "https://imgproxy-retcat.assets.schwarz/qosc96uXMWvauDmHh0qE0pwwN1faaAvTL-u9opo2cf4/sm:1/w:427/h:320/cz/M6Ly9wcm9kLWNhd/GFsb2ctbWVkaWEvaW50L0VEMDAzNjEwNzE2QkQzOTFGNjJFRTRGMT/hFNUI0RDUwQkE5NjRFNTM3RjhFNkM4OUFCMDAyRTEwMDNEMzU4MzYucG5n.png"
    ],
    "image_accessibility": null,
    "detailed_images": [
      {
        "url": "https://imgproxy-retcat.assets.schwarz/qosc96uXMWvauDmHh0qE0pwwN1faaAvTL-u9opo2cf4/sm:1/w:427/h:320/cz/M6Ly9wcm9kLWNhd/GFsb2ctbWVkaWEvaW50L0VEMDAzNjEwNzE2QkQzOTFGNjJFRTRGMT/hFNUI0RDUwQkE5NjRFNTM3RjhFNkM4OUFCMDAyRTEwMDNEMzU4MzYucG5n.png",
        "accessibility": null
      }
    ],
    "analytics_category": "Food",
    "more_details": "Dodatne podrobnosti o izdelku",
    "won_category_primary": "Svetovi potreb/Hrana in bližnja hrana/Jajca in osnovna živila (testenine, moka, stročnice itd.)",
    "won_category_primary_path": "0/17/1715",
    "canonical_path": "/p/hribovc-mesani/p10082834",
    "canonical_url": "/p/hribovc-mesani/p10082834",
    "awards": [],
    "seals": [
      {
        "altText": "Zvezda odlične kakovosti 2021–2025.",
        "image": "https://imgproxy-retcat.assets.schwarz/IC51k1Wib6lnx5pAjIrjRiXneMVLYuWsXBsol9D4_S4/sm:1/w:140/cz/M6Ly9wcm9kLWNhd/GFsb2ctbWVkaWEvc2kvMi8wMzlCRjM2MEQxNjc0MjJEMzQ5Q0JFRUV/DQTQzQkRBMkNCNTA0QjYyODRFMDU5N0Y4MzM4NTFCQTFFNUYxMzk4LnBuZw.png"
      }
    ],
    "ribbons": [],
    "highlighted_seals": 0,
    "lidl_plus": [],
    "regions": [],
    "ians": [
      "7302421"
    ],
    "show_brand": false,
    "deal_of_day_active": false,
    "full_title_meta": "Hribovc mešani",
    "lists": [
      1651
    ],
    "preview": false,
    "category_breadcrumbs": [
      {
        "id": "10068374",
        "name": "Hrana in pijača",
        "url": "/c/hrana-in-pijaca/s10068374",
        "hidden": false
      },
      {
        "id": "10071045",
        "name": "Jajca in osnovna živila",
        "url": "/h/jajca-in-osnovna-zivila/h10071045",
        "hidden": false
      }
    ],
    "campaigns": [
      {
        "id": "Current_Sales_Week",
        "name": "Ta teden",
        "url": null,
        "hidden": false
      },
      {
        "id": "10025137",
        "name": "Znižano vsaj tri mesece",
        "url": "/c/znizano-vsaj-tri-mesece/a10025137",
        "hidden": false
      }
    ],
    "world_of_needs_code": "1715",
    "world_of_needs_name": "Jajca in osnovna živila (testenine, moka, stročnice itd.)",
    "world_of_needs_parent": "17",
    "is_main_category": true,
    "super_categories": [
      {
        "code": "17",
        "name": "Hrana in bližnja hrana",
        "parent": "0"
      },
      {
        "code": "0",
        "name": "Svetovi potreb",
        "parent": ""
      }
    ],
    "position": 69,
    "tracking_payload": {
      "searchTrackingMasterId": "Product.10082834",
      "searchTrackingTitle": "Hribovc+me%C5%A1ani",
      "searchTrackingPageSize": 100,
      "searchTrackingPage": 1,
      "searchTrackingEvent": "click",
      "list": "search",
      "searchTrackingId": "Product.10082834",
      "searchTrackingOrigPos": 1,
      "searchTrackingPos": 69,
      "searchTrackingOrigPageSize": 100,
      "searchTrackingChannel": "SI",
      "category": "Food"
    }
  },
  {
    "code": "10082851",
    "name": "Kolač pecivo",
    "url": "",
    "result_class": "product",
    "type": "product",
    "product_id": 10082851,
    "erp_number": "10082851",
    "item_id": 10082851,
    "full_title": "CONFISERIE FIRENZE Kolač pecivo",
    "title": "Kolač pecivo",
    "category": "Food",
    "product_type": "RETAIL",
    "age_restriction": false,
    "is_used_product": false,
    "multipack": false,
    "online": false,
    "store": true,
    "quick_add_to_cart": false,
    "flash_sales": false,
    "having_videos": false,
    "having_threesixty": false,
    "price": 1.69,
    "old_price": 1.79,
    "currency_code": "EUR",
    "currency_symbol": "€",
    "has_star": true,
    "has_vat": false,
    "price_theme": "white_red",
    "variants_have_different_prices": false,
    "base_price_text": "1 kg = 5.63",
    "base_price_prefix": false,
    "packaging_text": "300 g",
    "discount_deleted_price": 1.79,
    "discount_text": "CENEJE!",
    "discount_percentage": 5,
    "discount_has_star": false,
    "show_discount": true,
    "show_percentage": false,
    "from_recommended_price": false,
    "availability_indicator": 0,
    "online_available": false,
    "min_orderable_quantity": 1,
    "orderable_quantities": [],
    "badge_texts": [
      "V trgovini od 27.06."
    ],
    "badge_types": [
      "IN_STORE_FROM_DATE_PAST"
    ],
    "main_image": "https://imgproxy-retcat.assets.schwarz/7794N4NSgV6ElSK1o_5naGmqJT_FL9Ohq-I8Z6H5uFM/sm:1/w:427/h:320/cz/M6Ly9wcm9kLWNhd/GFsb2ctbWVkaWEvaW50LzlFRTZENkJBQzE4RjQ4RDBGNzM4RUQwMj/U4MUY0NDU1REU3QTczMjYyN0M5MzgyRTQ5RDFDQTI1ODM3RjZBQUMucG5n.png",
    "image_list": [
      "https://imgproxy-retcat.assets.schwarz/7794N4NSgV6ElSK1o_5naGmqJT_FL9Ohq-I8Z6H5uFM/sm:1/w:427/h:320/cz/M6Ly9wcm9kLWNhd/GFsb2ctbWVkaWEvaW50LzlFRTZENkJBQzE4RjQ4RDBGNzM4RUQwMj/U4MUY0NDU1REU3QTczMjYyN0M5MzgyRTQ5RDFDQTI1ODM3RjZBQUMucG5n.png",
      "https://imgproxy-retcat.assets.schwarz/SqueVpzc189sljKPJ-6gIz5rS-NQCVUgZ14U2KYz9jg/sm:1/w:427/h:320/cz/M6Ly9wcm9kLWNhd/GFsb2ctbWVkaWEvaW50L0Y1REM1QTgzQUQ4OUY1ODI1Q0E1MTYxMT/VFOTJENzU2OTM2NzQ2OTAyRUNDODZCNDJDNjlDOUExNjhGMkEyMzYucG5n.png"
    ],
    "image_accessibility": null,
    "detailed_images": [
      {
        "url": "https://imgproxy-retcat.assets.schwarz/7794N4NSgV6ElSK1o_5naGmqJT_FL9Ohq-I8Z6H5uFM/sm:1/w:427/h:320/cz/M6Ly9wcm9kLWNhd/GFsb2ctbWVkaWEvaW50LzlFRTZENkJBQzE4RjQ4RDBGNzM4RUQwMj/U4MUY0NDU1REU3QTczMjYyN0M5MzgyRTQ5RDFDQTI1ODM3RjZBQUMucG5n.png",
        "accessibility": null
      },
      {
        "url": "https://imgproxy-retcat.assets.schwarz/SqueVpzc189sljKPJ-6gIz5rS-NQCVUgZ14U2KYz9jg/sm:1/w:427/h:320/cz/M6Ly9wcm9kLWNhd/GFsb2ctbWVkaWEvaW50L0Y1REM1QTgzQUQ4OUY1ODI1Q0E1MTYxMT/VFOTJENzU2OTM2NzQ2OTAyRUNDODZCNDJDNjlDOUExNjhGMkEyMzYucG5n.png",
        "accessibility": null
      }
    ],
    "analytics_category": "Food",
    "more_details": "Dodatne podrobnosti o izdelku",
    "won_category_primary": "Svetovi potreb/Hrana in bližnja hrana/Kruh in pekovsko pecivo",
    "won_category_primary_path": "0/17/1713",
    "canonical_path": "/p/confiserie-firenze-kolac-pecivo/p10082851",
    "canonical_url": "/p/confiserie-firenze-kolac-pecivo/p10082851",
    "awards": [],
    "seals": [],
    "ribbons": [],
    "highlighted_seals": 0,
    "lidl_plus": [],
    "regions": [],
    "ians": [
      "116315"
    ],
    "show_brand": true,
    "deal_of_day_active": false,
    "full_title_meta": "CONFISERIE FIRENZE Kolač pecivo",
    "lists": [
      1651
    ],
    "preview": false,
    "category_breadcrumbs": [
      {
        "id": "10068374",
        "name": "Hrana in pijača",
        "url": "/c/hrana-in-pijaca/s10068374",
        "hidden": false
      },
      {
        "id": "10071015",
        "name": "Kruh in pekovski izdelki",
        "url": "/h/kruh-in-pekovski-izdelki/h10071015",
        "hidden": false
      }
    ],
    "campaigns": [
      {
        "id": "Current_Sales_Week",
        "name": "Ta teden",
        "url": null,
        "hidden": false
      },
      {
        "id": "10025137",
        "name": "Znižano vsaj tri mesece",
        "url": "/c/znizano-vsaj-tri-mesece/a10025137",
        "hidden": false
      }
    ],
    "world_of_needs_code": "1713",
    "world_of_needs_name": "Kruh in pekovsko pecivo",
    "world_of_needs_parent": "17",
    "is_main_category": true,
    "super_categories": [
      {
        "code": "17",
        "name": "Hrana in bližnja hrana",
        "parent": "0"
      },
      {
        "code": "0",
        "name": "Svetovi potreb",
        "parent": ""
      }
    ],
    "position": 70,
    "tracking_payload": {
      "searchTrackingMasterId": "Product.10082851",
      "searchTrackingTitle": "Kola%C4%8D+pecivo",
      "searchTrackingPageSize": 100,
      "searchTrackingPage": 1,
      "searchTrackingEvent": "click",
      "list": "search",
      "searchTrackingId": "Product.10082851",
      "searchTrackingOrigPos": 1,
      "searchTrackingPos": 70,
      "searchTrackingOrigPageSize": 100,
      "searchTrackingChannel": "SI",
      "category": "Food"
    }
  },
  {
    "code": "10081040",
    "name": "Piščančja posebna klobasa",
    "url": "",
    "result_class": "product",
    "type": "product",
    "product_id": 10081040,
    "erp_number": "10081040",
    "item_id": 10081040,
    "full_title": "PIKOK Piščančja posebna klobasa",
    "title": "Piščančja posebna klobasa ",
    "category": "Food",
    "product_type": "RETAIL",
    "age_restriction": false,
    "is_used_product": false,
    "multipack": false,
    "online": false,
    "store": true,
    "quick_add_to_cart": false,
    "flash_sales": false,
    "having_videos": false,
    "having_threesixty": false,
    "price": 0.99,
    "old_price": 1.15,
    "currency_code": "EUR",
    "currency_symbol": "€",
    "has_star": true,
    "has_vat": false,
    "price_theme": "white_red",
    "variants_have_different_prices": false,
    "base_price_text": "1 kg = 5.50",
    "base_price_prefix": false,
    "packaging_text": "180 g",
    "discount_deleted_price": 1.15,
    "discount_text": "- 13 %",
    "discount_percentage": 13,
    "discount_has_star": false,
    "show_discount": true,
    "show_percentage": true,
    "from_recommended_price": false,
    "availability_indicator": 0,
    "online_available": false,
    "min_orderable_quantity": 1,
    "orderable_quantities": [],
    "badge_texts": [
      "V trgovini od 03.06."
    ],
    "badge_types": [
      "IN_STORE_FROM_DATE_PAST"
    ],
    "main_image": "https://imgproxy-retcat.assets.schwarz/pMry7OfHXzTYAmGGTVc3mx5N0V7m6f5WURa2XRIudGc/sm:1/w:427/h:320/cz/M6Ly9wcm9kLWNhd/GFsb2ctbWVkaWEvaW50LzhENDI0MDI1N0U1OEJCRjRCOUMzOUJDOU/Q0MzkyMEMxRDY0NjRDQUM0MzQwMDc4MUVEQ0RGNUE0OEQ4NEEwMkEucG5n.png",
    "image_list": [
      "https://imgproxy-retcat.assets.schwarz/pMry7OfHXzTYAmGGTVc3mx5N0V7m6f5WURa2XRIudGc/sm:1/w:427/h:320/cz/M6Ly9wcm9kLWNhd/GFsb2ctbWVkaWEvaW50LzhENDI0MDI1N0U1OEJCRjRCOUMzOUJDOU/Q0MzkyMEMxRDY0NjRDQUM0MzQwMDc4MUVEQ0RGNUE0OEQ4NEEwMkEucG5n.png"
    ],
    "image_accessibility": "Pikok piščančji rezini.",
    "detailed_images": [
      {
        "url": "https://imgproxy-retcat.assets.schwarz/pMry7OfHXzTYAmGGTVc3mx5N0V7m6f5WURa2XRIudGc/sm:1/w:427/h:320/cz/M6Ly9wcm9kLWNhd/GFsb2ctbWVkaWEvaW50LzhENDI0MDI1N0U1OEJCRjRCOUMzOUJDOU/Q0MzkyMEMxRDY0NjRDQUM0MzQwMDc4MUVEQ0RGNUE0OEQ4NEEwMkEucG5n.png",
        "accessibility": "Pikok piščančji rezini."
      }
    ],
    "analytics_category": "Food",
    "more_details": "Dodatne podrobnosti o izdelku",
    "won_category_primary": "Svetovi potreb/Hrana in bližnja hrana/Klobase in meso",
    "won_category_primary_path": "0/17/1717",
    "canonical_path": "/p/pikok-piscancja-posebna-klobasa/p10081040",
    "canonical_url": "/p/pikok-piscancja-posebna-klobasa/p10081040",
    "awards": [],
    "seals": [
      {
        "altText": "Slovenski izdelek",
        "image": "https://imgproxy-retcat.assets.schwarz/065GlWscfuyzRNlqdEjgEaZNE6893872XSglFaanlJA/sm:1/w:140/cz/M6Ly9wcm9kLWNhd/GFsb2ctbWVkaWEvc2kvMi83RTk4NkYyRDk1MTlDRUJBNzA1N0JGMzA/1QjA1NjUyRjVCMjMzNzZGRjY4MzVEREFGQzIwQzE5NDVFQUE5M0RCLnBuZw.png"
      },
      {
        "altText": "Nalepka: Hlajeno",
        "image": "https://imgproxy-retcat.assets.schwarz/7x3Iby7aD19hFySDnP2YoXt7E1r0JrvJVj0QO1gUOes/sm:1/w:140/cz/M6Ly9wcm9kLWNhd/GFsb2ctbWVkaWEvc2kvMi8xMzFBN0E2RDlCREZGREQxOEE2OTFDNEZ/FNDE5RTM0QUMxQjY4OEQ0OUY2QTAxMTRDRjQ1RjdCNTNDRjM2NUJBLnBuZw.png"
      }
    ],
    "ribbons": [],
    "highlighted_seals": 0,
    "lidl_plus": [],
    "regions": [],
    "ians": [
      "7301190"
    ],
    "show_brand": true,
    "deal_of_day_active": false,
    "full_title_meta": "PIKOK Piščančja posebna klobasa",
    "lists": [
      1651
    ],
    "preview": false,
    "category_breadcrumbs": [
      {
        "id": "10068374",
        "name": "Hrana in pijača",
        "url": "/c/hrana-in-pijaca/s10068374",
        "hidden": false
      },
      {
        "id": "10071016",
        "name": "Meso in mesni izdelki",
        "url": "/h/meso-in-mesni-izdelki/h10071016",
        "hidden": false
      }
    ],
    "campaigns": [
      {
        "id": "Current_Sales_Week",
        "name": "Ta teden",
        "url": null,
        "hidden": false
      },
      {
        "id": "10025137",
        "name": "Znižano vsaj tri mesece",
        "url": "/c/znizano-vsaj-tri-mesece/a10025137",
        "hidden": false
      }
    ],
    "world_of_needs_code": "1717",
    "world_of_needs_name": "Klobase in meso",
    "world_of_needs_parent": "17",
    "is_main_category": true,
    "super_categories": [
      {
        "code": "17",
        "name": "Hrana in bližnja hrana",
        "parent": "0"
      },
      {
        "code": "0",
        "name": "Svetovi potreb",
        "parent": ""
      }
    ],
    "position": 71,
    "tracking_payload": {
      "searchTrackingMasterId": "Product.10081040",
      "searchTrackingTitle": "Pi%C5%A1%C4%8Dan%C4%8Dja+posebna+klobasa",
      "searchTrackingPageSize": 100,
      "searchTrackingPage": 1,
      "searchTrackingEvent": "click",
      "list": "search",
      "searchTrackingId": "Product.10081040",
      "searchTrackingOrigPos": 1,
      "searchTrackingPos": 71,
      "searchTrackingOrigPageSize": 100,
      "searchTrackingChannel": "SI",
      "category": "Food"
    }
  },
  {
    "code": "10081820",
    "name": "Bio ekstra deviško oljčno olje",
    "url": "",
    "result_class": "product",
    "type": "product",
    "product_id": 10081820,
    "erp_number": "10081820",
    "item_id": 10081820,
    "full_title": "PRIMADONNA Bio ekstra deviško oljčno olje",
    "title": "Bio ekstra deviško oljčno olje",
    "category": "Food",
    "product_type": "RETAIL",
    "age_restriction": false,
    "is_used_product": false,
    "multipack": false,
    "online": false,
    "store": true,
    "quick_add_to_cart": false,
    "flash_sales": false,
    "having_videos": false,
    "having_threesixty": false,
    "price": 5.99,
    "old_price": 6.59,
    "currency_code": "EUR",
    "currency_symbol": "€",
    "has_star": true,
    "has_vat": false,
    "price_theme": "white_red",
    "variants_have_different_prices": false,
    "base_price_text": "1 l = 11.98",
    "base_price_prefix": false,
    "packaging_text": "500 ml",
    "discount_deleted_price": 6.59,
    "discount_text": "CENEJE!",
    "discount_percentage": 9,
    "discount_has_star": false,
    "show_discount": true,
    "show_percentage": false,
    "from_recommended_price": false,
    "availability_indicator": 0,
    "online_available": false,
    "min_orderable_quantity": 1,
    "orderable_quantities": [],
    "badge_texts": [
      "V trgovini od 10.06."
    ],
    "badge_types": [
      "IN_STORE_FROM_DATE_PAST"
    ],
    "main_image": "https://imgproxy-retcat.assets.schwarz/TI720n4dbDqBoA8fWSMJ-6NTJHpIhE7KlJPZR_3BfEQ/sm:1/w:427/h:320/cz/M6Ly9wcm9kLWNhd/GFsb2ctbWVkaWEvaW50L0I5NkFEMEQ5ODgyQ0MzQzJDOTEyREFERD/E3QTU3ODZDMUIwRjU4QjQ3NUQyNDMxOUMzNzc4ODRDM0RGOEQ5OTQucG5n.png",
    "image_list": [
      "https://imgproxy-retcat.assets.schwarz/TI720n4dbDqBoA8fWSMJ-6NTJHpIhE7KlJPZR_3BfEQ/sm:1/w:427/h:320/cz/M6Ly9wcm9kLWNhd/GFsb2ctbWVkaWEvaW50L0I5NkFEMEQ5ODgyQ0MzQzJDOTEyREFERD/E3QTU3ODZDMUIwRjU4QjQ3NUQyNDMxOUMzNzc4ODRDM0RGOEQ5OTQucG5n.png"
    ],
    "image_accessibility": null,
    "detailed_images": [
      {
        "url": "https://imgproxy-retcat.assets.schwarz/TI720n4dbDqBoA8fWSMJ-6NTJHpIhE7KlJPZR_3BfEQ/sm:1/w:427/h:320/cz/M6Ly9wcm9kLWNhd/GFsb2ctbWVkaWEvaW50L0I5NkFEMEQ5ODgyQ0MzQzJDOTEyREFERD/E3QTU3ODZDMUIwRjU4QjQ3NUQyNDMxOUMzNzc4ODRDM0RGOEQ5OTQucG5n.png",
        "accessibility": null
      }
    ],
    "analytics_category": "Food",
    "more_details": "Dodatne podrobnosti o izdelku",
    "won_category_primary": "Svetovi potreb/Hrana in bližnja hrana/Maščobe, olja, kis in konzerve",
    "won_category_primary_path": "0/17/1735",
    "canonical_path": "/p/primadonna-bio-ekstra-devisko-oljcno-olje/p10081820",
    "canonical_url": "/p/primadonna-bio-ekstra-devisko-oljcno-olje/p10081820",
    "awards": [],
    "seals": [
      {
        "altText": "BIO Organic certifikat.",
        "image": "https://imgproxy-retcat.assets.schwarz/lCXFQEsV4g4AiRaLg1Wfi4RyKHdeD_9cj1Pn8a0-XGw/sm:1/w:140/cz/M6Ly9wcm9kLWNhd/GFsb2ctbWVkaWEvc2kvMi9GNjM0MTRCMTIxNEM2OTM1MDlBOUMzNDR/FMjIzOEIwNkZBRjhGRkEyNkRGNzlGMjRFQTVEN0I4QUI5NEUwMDAxLnBuZw.png"
      }
    ],
    "ribbons": [],
    "highlighted_seals": 0,
    "lidl_plus": [],
    "regions": [],
    "ians": [
      "118801"
    ],
    "show_brand": true,
    "deal_of_day_active": false,
    "full_title_meta": "PRIMADONNA Bio ekstra deviško oljčno olje",
    "lists": [
      1651
    ],
    "preview": false,
    "category_breadcrumbs": [
      {
        "id": "10068374",
        "name": "Hrana in pijača",
        "url": "/c/hrana-in-pijaca/s10068374",
        "hidden": false
      },
      {
        "id": "10071681",
        "name": "Maščobe, olja, kis in konzerve",
        "url": "/h/mascobe-olja-kis-in-konzerve/h10071681",
        "hidden": false
      }
    ],
    "campaigns": [
      {
        "id": "Current_Sales_Week",
        "name": "Ta teden",
        "url": null,
        "hidden": false
      },
      {
        "id": "10025137",
        "name": "Znižano vsaj tri mesece",
        "url": "/c/znizano-vsaj-tri-mesece/a10025137",
        "hidden": false
      }
    ],
    "world_of_needs_code": "1735",
    "world_of_needs_name": "Maščobe, olja, kis in konzerve",
    "world_of_needs_parent": "17",
    "is_main_category": true,
    "super_categories": [
      {
        "code": "17",
        "name": "Hrana in bližnja hrana",
        "parent": "0"
      },
      {
        "code": "0",
        "name": "Svetovi potreb",
        "parent": ""
      }
    ],
    "position": 72,
    "tracking_payload": {
      "searchTrackingMasterId": "Product.10081820",
      "searchTrackingTitle": "Bio+ekstra+devi%C5%A1ko+olj%C4%8Dno+olje",
      "searchTrackingPageSize": 100,
      "searchTrackingPage": 1,
      "searchTrackingEvent": "click",
      "list": "search",
      "searchTrackingId": "Product.10081820",
      "searchTrackingOrigPos": 1,
      "searchTrackingPos": 72,
      "searchTrackingOrigPageSize": 100,
      "searchTrackingChannel": "SI",
      "category": "Food"
    }
  },
  {
    "code": "10082458",
    "name": "Puranja pašteta",
    "url": "",
    "result_class": "product",
    "type": "product",
    "product_id": 10082458,
    "erp_number": "10082458",
    "item_id": 10082458,
    "full_title": "ARGETA Puranja pašteta",
    "title": "Puranja pašteta",
    "category": "Food",
    "product_type": "RETAIL",
    "age_restriction": false,
    "is_used_product": false,
    "multipack": false,
    "online": false,
    "store": true,
    "quick_add_to_cart": false,
    "flash_sales": false,
    "having_videos": false,
    "having_threesixty": false,
    "price": 1.39,
    "old_price": 1.48,
    "currency_code": "EUR",
    "currency_symbol": "€",
    "has_star": true,
    "has_vat": false,
    "price_theme": "white_red",
    "variants_have_different_prices": false,
    "base_price_text": "1 kg = 14.63",
    "base_price_prefix": false,
    "packaging_text": "95 g",
    "discount_deleted_price": 1.48,
    "discount_text": "CENEJE!",
    "discount_percentage": 6,
    "discount_has_star": false,
    "show_discount": true,
    "show_percentage": false,
    "from_recommended_price": false,
    "availability_indicator": 0,
    "online_available": false,
    "min_orderable_quantity": 1,
    "orderable_quantities": [],
    "badge_texts": [
      "V trgovini od 09.05. do 09.08."
    ],
    "badge_types": [
      "IN_STORE_PAST_DATE_RANGE"
    ],
    "main_image": "https://imgproxy-retcat.assets.schwarz/o9yiIbNI9Tg6OffZ_raaJ12y_MKLti6jdNUB7FcYP-g/sm:1/w:427/h:320/cz/M6Ly9wcm9kLWNhd/GFsb2ctbWVkaWEvaW50LzExRTlGMTVGMzc4NzZENDI3NDI2MThDRD/BENjlBNTMwNDFGNzQyNTgwQTU5NDlERTkwOTE3NDNBQkNGRTcwRUUucG5n.png",
    "image_list": [
      "https://imgproxy-retcat.assets.schwarz/o9yiIbNI9Tg6OffZ_raaJ12y_MKLti6jdNUB7FcYP-g/sm:1/w:427/h:320/cz/M6Ly9wcm9kLWNhd/GFsb2ctbWVkaWEvaW50LzExRTlGMTVGMzc4NzZENDI3NDI2MThDRD/BENjlBNTMwNDFGNzQyNTgwQTU5NDlERTkwOTE3NDNBQkNGRTcwRUUucG5n.png"
    ],
    "image_accessibility": "Argeta Puranja pašteta, 95 g, brez dodatkov.",
    "detailed_images": [
      {
        "url": "https://imgproxy-retcat.assets.schwarz/o9yiIbNI9Tg6OffZ_raaJ12y_MKLti6jdNUB7FcYP-g/sm:1/w:427/h:320/cz/M6Ly9wcm9kLWNhd/GFsb2ctbWVkaWEvaW50LzExRTlGMTVGMzc4NzZENDI3NDI2MThDRD/BENjlBNTMwNDFGNzQyNTgwQTU5NDlERTkwOTE3NDNBQkNGRTcwRUUucG5n.png",
        "accessibility": "Argeta Puranja pašteta, 95 g, brez dodatkov."
      }
    ],
    "analytics_category": "Food",
    "more_details": "Dodatne podrobnosti o izdelku",
    "won_category_primary": "Svetovi potreb/Hrana in bližnja hrana/Klobase in meso",
    "won_category_primary_path": "0/17/1717",
    "canonical_path": "/p/argeta-puranja-pasteta/p10082458",
    "canonical_url": "/p/argeta-puranja-pasteta/p10082458",
    "awards": [],
    "seals": [],
    "ribbons": [],
    "highlighted_seals": 0,
    "lidl_plus": [],
    "regions": [],
    "ians": [
      "4275"
    ],
    "show_brand": true,
    "deal_of_day_active": false,
    "full_title_meta": "ARGETA Puranja pašteta",
    "lists": [
      1651
    ],
    "preview": false,
    "category_breadcrumbs": [
      {
        "id": "10068374",
        "name": "Hrana in pijača",
        "url": "/c/hrana-in-pijaca/s10068374",
        "hidden": false
      },
      {
        "id": "10071016",
        "name": "Meso in mesni izdelki",
        "url": "/h/meso-in-mesni-izdelki/h10071016",
        "hidden": false
      }
    ],
    "campaigns": [
      {
        "id": "Current_Sales_Week",
        "name": "Ta teden",
        "url": null,
        "hidden": false
      },
      {
        "id": "10025137",
        "name": "Znižano vsaj tri mesece",
        "url": "/c/znizano-vsaj-tri-mesece/a10025137",
        "hidden": false
      }
    ],
    "world_of_needs_code": "1717",
    "world_of_needs_name": "Klobase in meso",
    "world_of_needs_parent": "17",
    "is_main_category": true,
    "super_categories": [
      {
        "code": "17",
        "name": "Hrana in bližnja hrana",
        "parent": "0"
      },
      {
        "code": "0",
        "name": "Svetovi potreb",
        "parent": ""
      }
    ],
    "position": 73,
    "tracking_payload": {
      "searchTrackingMasterId": "Product.10082458",
      "searchTrackingTitle": "Puranja+pa%C5%A1teta",
      "searchTrackingPageSize": 100,
      "searchTrackingPage": 1,
      "searchTrackingEvent": "click",
      "list": "search",
      "searchTrackingId": "Product.10082458",
      "searchTrackingOrigPos": 1,
      "searchTrackingPos": 73,
      "searchTrackingOrigPageSize": 100,
      "searchTrackingChannel": "SI",
      "category": "Food"
    }
  },
  {
    "code": "10081039",
    "name": "Cabernet Sauvignon",
    "url": "",
    "result_class": "product",
    "type": "product",
    "product_id": 10081039,
    "erp_number": "10081039",
    "item_id": 10081039,
    "full_title": "BRIČ Cabernet Sauvignon",
    "title": "Cabernet Sauvignon",
    "category": "Food",
    "product_type": "RETAIL",
    "age_restriction": false,
    "is_used_product": false,
    "multipack": false,
    "online": false,
    "store": true,
    "quick_add_to_cart": false,
    "flash_sales": false,
    "having_videos": false,
    "having_threesixty": false,
    "price": 3.49,
    "old_price": 3.99,
    "currency_code": "EUR",
    "currency_symbol": "€",
    "has_star": true,
    "has_vat": false,
    "price_theme": "white_red",
    "variants_have_different_prices": false,
    "base_price_text": "1 l = 4.65",
    "base_price_prefix": false,
    "packaging_text": "0,75 l",
    "discount_deleted_price": 3.99,
    "discount_text": "- 12 %",
    "discount_percentage": 12,
    "discount_has_star": false,
    "show_discount": true,
    "show_percentage": true,
    "from_recommended_price": false,
    "availability_indicator": 0,
    "online_available": false,
    "min_orderable_quantity": 1,
    "orderable_quantities": [],
    "badge_texts": [
      "V trgovini od 02.06."
    ],
    "badge_types": [
      "IN_STORE_FROM_DATE_PAST"
    ],
    "main_image": "https://imgproxy-retcat.assets.schwarz/I-TL7X41bugrfS40UEWYQwzNY4V2dhdGtSApYqnreis/sm:1/w:427/h:320/cz/M6Ly9wcm9kLWNhd/GFsb2ctbWVkaWEvaW50L0NDQkRBODZEOENCMzkzOTJGNDY1NDc5Mz/EyODFGMTFDMEE3M0I4NEI5MUNGQTU2Mzg3M0VFRjg4NjFDMzFGQjMucG5n.png",
    "image_list": [
      "https://imgproxy-retcat.assets.schwarz/I-TL7X41bugrfS40UEWYQwzNY4V2dhdGtSApYqnreis/sm:1/w:427/h:320/cz/M6Ly9wcm9kLWNhd/GFsb2ctbWVkaWEvaW50L0NDQkRBODZEOENCMzkzOTJGNDY1NDc5Mz/EyODFGMTFDMEE3M0I4NEI5MUNGQTU2Mzg3M0VFRjg4NjFDMzFGQjMucG5n.png"
    ],
    "image_accessibility": "Steklenica rdečega vina Cabernet Sauvignon, Brič.",
    "detailed_images": [
      {
        "url": "https://imgproxy-retcat.assets.schwarz/I-TL7X41bugrfS40UEWYQwzNY4V2dhdGtSApYqnreis/sm:1/w:427/h:320/cz/M6Ly9wcm9kLWNhd/GFsb2ctbWVkaWEvaW50L0NDQkRBODZEOENCMzkzOTJGNDY1NDc5Mz/EyODFGMTFDMEE3M0I4NEI5MUNGQTU2Mzg3M0VFRjg4NjFDMzFGQjMucG5n.png",
        "accessibility": "Steklenica rdečega vina Cabernet Sauvignon, Brič."
      }
    ],
    "analytics_category": "Food",
    "more_details": "Dodatne podrobnosti o izdelku",
    "won_category_primary": "Svetovi potreb/Vino in žgane pijače/Vino/Rdeče vino",
    "won_category_primary_path": "0/10/1010/101011",
    "canonical_path": "/p/bric-cabernet-sauvignon/p10081039",
    "canonical_url": "/p/bric-cabernet-sauvignon/p10081039",
    "awards": [],
    "seals": [],
    "ribbons": [],
    "highlighted_seals": 0,
    "lidl_plus": [],
    "regions": [],
    "ians": [
      "7307843"
    ],
    "show_brand": true,
    "deal_of_day_active": false,
    "full_title_meta": "BRIČ Cabernet Sauvignon",
    "lists": [
      1651
    ],
    "preview": false,
    "category_breadcrumbs": [
      {
        "id": "10068374",
        "name": "Hrana in pijača",
        "url": "/c/hrana-in-pijaca/s10068374",
        "hidden": false
      },
      {
        "id": "10071687",
        "name": "Vina in žgane pijače",
        "url": "/h/vina-in-zgane-pijace/h10071687",
        "hidden": false
      }
    ],
    "campaigns": [
      {
        "id": "Current_Sales_Week",
        "name": "Ta teden",
        "url": null,
        "hidden": false
      },
      {
        "id": "10025137",
        "name": "Znižano vsaj tri mesece",
        "url": "/c/znizano-vsaj-tri-mesece/a10025137",
        "hidden": false
      }
    ],
    "world_of_needs_code": "101011",
    "world_of_needs_name": "Rdeče vino",
    "world_of_needs_parent": "1010",
    "is_main_category": true,
    "super_categories": [
      {
        "code": "1010",
        "name": "Vino",
        "parent": "10"
      },
      {
        "code": "10",
        "name": "Vino in žgane pijače",
        "parent": "0"
      },
      {
        "code": "0",
        "name": "Svetovi potreb",
        "parent": ""
      }
    ],
    "position": 74,
    "tracking_payload": {
      "searchTrackingMasterId": "Product.10081039",
      "searchTrackingTitle": "Cabernet+Sauvignon",
      "searchTrackingPageSize": 100,
      "searchTrackingPage": 1,
      "searchTrackingEvent": "click",
      "list": "search",
      "searchTrackingId": "Product.10081039",
      "searchTrackingOrigPos": 1,
      "searchTrackingPos": 74,
      "searchTrackingOrigPageSize": 100,
      "searchTrackingChannel": "SI",
      "category": "Food"
    }
  },
  {
    "code": "10077910",
    "name": "Instant želatina",
    "url": "",
    "result_class": "product",
    "type": "product",
    "product_id": 10077910,
    "erp_number": "10077910",
    "item_id": 10077910,
    "full_title": "BELBAKE Instant želatina",
    "title": "Instant želatina",
    "category": "Food",
    "product_type": "RETAIL",
    "age_restriction": false,
    "is_used_product": false,
    "multipack": false,
    "online": false,
    "store": true,
    "quick_add_to_cart": false,
    "flash_sales": false,
    "having_videos": false,
    "having_threesixty": false,
    "price": 1.19,
    "old_price": 1.49,
    "currency_code": "EUR",
    "currency_symbol": "€",
    "has_star": true,
    "has_vat": false,
    "price_theme": "white_red",
    "variants_have_different_prices": false,
    "base_price_text": "1 kg = 39.67",
    "base_price_prefix": false,
    "packaging_text": "30 g",
    "discount_deleted_price": 1.49,
    "discount_text": "- 20 %",
    "discount_percentage": 20,
    "discount_has_star": false,
    "show_discount": true,
    "show_percentage": true,
    "from_recommended_price": false,
    "availability_indicator": 0,
    "online_available": false,
    "min_orderable_quantity": 1,
    "orderable_quantities": [],
    "badge_texts": [
      "V trgovini od 09.05."
    ],
    "badge_types": [
      "IN_STORE_FROM_DATE_PAST"
    ],
    "main_image": "https://imgproxy-retcat.assets.schwarz/GCny8eZgya3JDk51NmJ0ATcw_as5SPuW6wc1OT-vZwg/sm:1/w:427/h:320/cz/M6Ly9wcm9kLWNhd/GFsb2ctbWVkaWEvaW50L0QwNEM3MUNCRDM4RUM2RDY0MjFDNzU2Nk/M5MTc4NDU3QTQ3OTNENkExMzBCQTgyNjhFQURGRjc5RjY1MDJCNDYucG5n.png",
    "image_list": [
      "https://imgproxy-retcat.assets.schwarz/GCny8eZgya3JDk51NmJ0ATcw_as5SPuW6wc1OT-vZwg/sm:1/w:427/h:320/cz/M6Ly9wcm9kLWNhd/GFsb2ctbWVkaWEvaW50L0QwNEM3MUNCRDM4RUM2RDY0MjFDNzU2Nk/M5MTc4NDU3QTQ3OTNENkExMzBCQTgyNjhFQURGRjc5RjY1MDJCNDYucG5n.png"
    ],
    "image_accessibility": "Pakiranje Belbake želatine za sladice.",
    "detailed_images": [
      {
        "url": "https://imgproxy-retcat.assets.schwarz/GCny8eZgya3JDk51NmJ0ATcw_as5SPuW6wc1OT-vZwg/sm:1/w:427/h:320/cz/M6Ly9wcm9kLWNhd/GFsb2ctbWVkaWEvaW50L0QwNEM3MUNCRDM4RUM2RDY0MjFDNzU2Nk/M5MTc4NDU3QTQ3OTNENkExMzBCQTgyNjhFQURGRjc5RjY1MDJCNDYucG5n.png",
        "accessibility": "Pakiranje Belbake želatine za sladice."
      }
    ],
    "analytics_category": "Food",
    "more_details": "Dodatne podrobnosti o izdelku",
    "won_category_primary": "Svetovi potreb/Hrana in bližnja hrana/Jajca in osnovna živila (testenine, moka, stročnice itd.)",
    "won_category_primary_path": "0/17/1715",
    "canonical_path": "/p/belbake-instant-zelatina/p10077910",
    "canonical_url": "/p/belbake-instant-zelatina/p10077910",
    "awards": [],
    "seals": [],
    "ribbons": [],
    "highlighted_seals": 0,
    "lidl_plus": [],
    "regions": [],
    "ians": [
      "165954"
    ],
    "show_brand": true,
    "deal_of_day_active": false,
    "full_title_meta": "BELBAKE Instant želatina",
    "lists": [
      1651
    ],
    "preview": false,
    "category_breadcrumbs": [
      {
        "id": "10068374",
        "name": "Hrana in pijača",
        "url": "/c/hrana-in-pijaca/s10068374",
        "hidden": false
      },
      {
        "id": "10071045",
        "name": "Jajca in osnovna živila",
        "url": "/h/jajca-in-osnovna-zivila/h10071045",
        "hidden": false
      }
    ],
    "campaigns": [
      {
        "id": "Current_Sales_Week",
        "name": "Ta teden",
        "url": null,
        "hidden": false
      },
      {
        "id": "10025137",
        "name": "Znižano vsaj tri mesece",
        "url": "/c/znizano-vsaj-tri-mesece/a10025137",
        "hidden": false
      }
    ],
    "world_of_needs_code": "1715",
    "world_of_needs_name": "Jajca in osnovna živila (testenine, moka, stročnice itd.)",
    "world_of_needs_parent": "17",
    "is_main_category": true,
    "super_categories": [
      {
        "code": "17",
        "name": "Hrana in bližnja hrana",
        "parent": "0"
      },
      {
        "code": "0",
        "name": "Svetovi potreb",
        "parent": ""
      }
    ],
    "position": 75,
    "tracking_payload": {
      "searchTrackingMasterId": "Product.10077910",
      "searchTrackingTitle": "Instant+%C5%BEelatina",
      "searchTrackingPageSize": 100,
      "searchTrackingPage": 1,
      "searchTrackingEvent": "click",
      "list": "search",
      "searchTrackingId": "Product.10077910",
      "searchTrackingOrigPos": 1,
      "searchTrackingPos": 75,
      "searchTrackingOrigPageSize": 100,
      "searchTrackingChannel": "SI",
      "category": "Food"
    }
  },
  {
    "code": "10078724",
    "name": "Vrečke za zamrzovanje",
    "url": "",
    "result_class": "product",
    "type": "product",
    "product_id": 10078724,
    "erp_number": "10078724",
    "item_id": 10078724,
    "full_title": "AROMATA Vrečke za zamrzovanje",
    "title": "Vrečke za zamrzovanje",
    "category": "Food",
    "product_type": "RETAIL",
    "age_restriction": false,
    "is_used_product": false,
    "multipack": false,
    "online": false,
    "store": true,
    "quick_add_to_cart": false,
    "flash_sales": false,
    "having_videos": false,
    "having_threesixty": false,
    "price": 1.19,
    "old_price": 1.49,
    "currency_code": "EUR",
    "currency_symbol": "€",
    "has_star": true,
    "has_vat": false,
    "price_theme": "white_red",
    "variants_have_different_prices": false,
    "base_price_text": "1 kos = 0.08/0.06",
    "base_price_prefix": false,
    "packaging_text": "15/20 kosov",
    "discount_deleted_price": 1.49,
    "discount_text": "- 20 %",
    "discount_percentage": 20,
    "discount_has_star": false,
    "show_discount": true,
    "show_percentage": true,
    "from_recommended_price": false,
    "availability_indicator": 0,
    "online_available": false,
    "min_orderable_quantity": 1,
    "orderable_quantities": [],
    "badge_texts": [
      "V trgovini od 16.05."
    ],
    "badge_types": [
      "IN_STORE_FROM_DATE_PAST"
    ],
    "main_image": "https://imgproxy-retcat.assets.schwarz/BIXHRkvUkz4-EVXYgdGg0dOf6JA2Sq0rt4hd84v6FOI/sm:1/w:427/h:320/cz/M6Ly9wcm9kLWNhd/GFsb2ctbWVkaWEvaW50L0RBODExREM4RTdFRDg1OUNCRDAyMEZDND/JERjM1OTdBRTQwNUVFMDRCRDYyRkZFQUUwOTkzNzJERTU5RkVGMjgucG5n.png",
    "image_list": [
      "https://imgproxy-retcat.assets.schwarz/BIXHRkvUkz4-EVXYgdGg0dOf6JA2Sq0rt4hd84v6FOI/sm:1/w:427/h:320/cz/M6Ly9wcm9kLWNhd/GFsb2ctbWVkaWEvaW50L0RBODExREM4RTdFRDg1OUNCRDAyMEZDND/JERjM1OTdBRTQwNUVFMDRCRDYyRkZFQUUwOTkzNzJERTU5RkVGMjgucG5n.png",
      "https://imgproxy-retcat.assets.schwarz/fK767iDsDrEkMQLFcVQYI_xDOISuaG0tRRXAyA4fM7E/sm:1/w:427/h:320/cz/M6Ly9wcm9kLWNhd/GFsb2ctbWVkaWEvaW50LzIyMDc2NkEwOUQ5NjcyRTJCQUUyOTc0Mj/YzQTZDMjE5RjVFN0MwMDdDRjIyMDhFMjcwOEY0MTkyRjcyM0Y5MTgucG5n.png"
    ],
    "image_accessibility": "Aroma vrečke za zamrzovanje in shranjevanje z zadrgo (20 kosov).",
    "detailed_images": [
      {
        "url": "https://imgproxy-retcat.assets.schwarz/BIXHRkvUkz4-EVXYgdGg0dOf6JA2Sq0rt4hd84v6FOI/sm:1/w:427/h:320/cz/M6Ly9wcm9kLWNhd/GFsb2ctbWVkaWEvaW50L0RBODExREM4RTdFRDg1OUNCRDAyMEZDND/JERjM1OTdBRTQwNUVFMDRCRDYyRkZFQUUwOTkzNzJERTU5RkVGMjgucG5n.png",
        "accessibility": "Aroma vrečke za zamrzovanje in shranjevanje z zadrgo (20 kosov)."
      },
      {
        "url": "https://imgproxy-retcat.assets.schwarz/fK767iDsDrEkMQLFcVQYI_xDOISuaG0tRRXAyA4fM7E/sm:1/w:427/h:320/cz/M6Ly9wcm9kLWNhd/GFsb2ctbWVkaWEvaW50LzIyMDc2NkEwOUQ5NjcyRTJCQUUyOTc0Mj/YzQTZDMjE5RjVFN0MwMDdDRjIyMDhFMjcwOEY0MTkyRjcyM0Y5MTgucG5n.png",
        "accessibility": "Aroma vrečke za zamrzovanje in shranjevanje z zadrgo, 15 kosov."
      }
    ],
    "analytics_category": "Food",
    "more_details": "Dodatne podrobnosti o izdelku",
    "won_category_primary": "Svetovi potreb/Hrana in bližnja hrana/Prigrizki in slaščice",
    "won_category_primary_path": "0/17/1721",
    "canonical_path": "/p/aromata-vrecke-za-zamrzovanje/p10078724",
    "canonical_url": "/p/aromata-vrecke-za-zamrzovanje/p10078724",
    "awards": [],
    "seals": [],
    "ribbons": [],
    "highlighted_seals": 0,
    "lidl_plus": [],
    "regions": [],
    "ians": [
      "131735"
    ],
    "show_brand": true,
    "deal_of_day_active": false,
    "full_title_meta": "AROMATA Vrečke za zamrzovanje",
    "lists": [
      1651
    ],
    "preview": false,
    "category_breadcrumbs": [
      {
        "id": "10068374",
        "name": "Hrana in pijača",
        "url": "/c/hrana-in-pijaca/s10068374",
        "hidden": false
      },
      {
        "id": "10071044",
        "name": "Prigrizki in sladkarije",
        "url": "/h/prigrizki-in-sladkarije/h10071044",
        "hidden": false
      }
    ],
    "campaigns": [
      {
        "id": "Current_Sales_Week",
        "name": "Ta teden",
        "url": null,
        "hidden": false
      },
      {
        "id": "10025137",
        "name": "Znižano vsaj tri mesece",
        "url": "/c/znizano-vsaj-tri-mesece/a10025137",
        "hidden": false
      }
    ],
    "world_of_needs_code": "1721",
    "world_of_needs_name": "Prigrizki in slaščice",
    "world_of_needs_parent": "17",
    "is_main_category": true,
    "super_categories": [
      {
        "code": "17",
        "name": "Hrana in bližnja hrana",
        "parent": "0"
      },
      {
        "code": "0",
        "name": "Svetovi potreb",
        "parent": ""
      }
    ],
    "position": 76,
    "tracking_payload": {
      "searchTrackingMasterId": "Product.10078724",
      "searchTrackingTitle": "Vre%C4%8Dke+za+zamrzovanje",
      "searchTrackingPageSize": 100,
      "searchTrackingPage": 1,
      "searchTrackingEvent": "click",
      "list": "search",
      "searchTrackingId": "Product.10078724",
      "searchTrackingOrigPos": 1,
      "searchTrackingPos": 76,
      "searchTrackingOrigPageSize": 100,
      "searchTrackingChannel": "SI",
      "category": "Food"
    }
  },
  {
    "code": "10081821",
    "name": "Kavni napitek 3v1",
    "url": "",
    "result_class": "product",
    "type": "product",
    "product_id": 10081821,
    "erp_number": "10081821",
    "item_id": 10081821,
    "full_title": "BELLAROM Kavni napitek 3v1",
    "title": "Kavni napitek 3v1",
    "category": "Food",
    "product_type": "RETAIL",
    "age_restriction": false,
    "is_used_product": false,
    "multipack": false,
    "online": false,
    "store": true,
    "quick_add_to_cart": false,
    "flash_sales": false,
    "having_videos": false,
    "having_threesixty": false,
    "price": 1.19,
    "old_price": 1.29,
    "currency_code": "EUR",
    "currency_symbol": "€",
    "has_star": true,
    "has_vat": false,
    "price_theme": "white_red",
    "variants_have_different_prices": false,
    "base_price_text": "1 kg = 6.61",
    "base_price_prefix": false,
    "packaging_text": "180 g",
    "discount_deleted_price": 1.29,
    "discount_text": "CENEJE!",
    "discount_percentage": 7,
    "discount_has_star": false,
    "show_discount": true,
    "show_percentage": false,
    "from_recommended_price": false,
    "availability_indicator": 0,
    "online_available": false,
    "min_orderable_quantity": 1,
    "orderable_quantities": [],
    "badge_texts": [
      "V trgovini od 10.06."
    ],
    "badge_types": [
      "IN_STORE_FROM_DATE_PAST"
    ],
    "main_image": "https://imgproxy-retcat.assets.schwarz/UUoBXcpSlEsROamPUEXuSvnafRJZs3OKl4y7hPUMzyo/sm:1/w:427/h:320/cz/M6Ly9wcm9kLWNhd/GFsb2ctbWVkaWEvaW50L0FERTc2QkMyOUQyNTdGNTU4MjJERDM2Mk/E1RjdEQURFNEJEM0U5MjlEMTdDRkY4MkFENTY0NTU5QUMzQTA1NEMucG5n.png",
    "image_list": [
      "https://imgproxy-retcat.assets.schwarz/UUoBXcpSlEsROamPUEXuSvnafRJZs3OKl4y7hPUMzyo/sm:1/w:427/h:320/cz/M6Ly9wcm9kLWNhd/GFsb2ctbWVkaWEvaW50L0FERTc2QkMyOUQyNTdGNTU4MjJERDM2Mk/E1RjdEQURFNEJEM0U5MjlEMTdDRkY4MkFENTY0NTU5QUMzQTA1NEMucG5n.png"
    ],
    "image_accessibility": null,
    "detailed_images": [
      {
        "url": "https://imgproxy-retcat.assets.schwarz/UUoBXcpSlEsROamPUEXuSvnafRJZs3OKl4y7hPUMzyo/sm:1/w:427/h:320/cz/M6Ly9wcm9kLWNhd/GFsb2ctbWVkaWEvaW50L0FERTc2QkMyOUQyNTdGNTU4MjJERDM2Mk/E1RjdEQURFNEJEM0U5MjlEMTdDRkY4MkFENTY0NTU5QUMzQTA1NEMucG5n.png",
        "accessibility": null
      }
    ],
    "analytics_category": "Food",
    "more_details": "Dodatne podrobnosti o izdelku",
    "won_category_primary": "Svetovi potreb/Hrana in bližnja hrana/Kava, čaj in kakav",
    "won_category_primary_path": "0/17/1730",
    "canonical_path": "/p/bellarom-kavni-napitek-3v1/p10081821",
    "canonical_url": "/p/bellarom-kavni-napitek-3v1/p10081821",
    "awards": [],
    "seals": [
      {
        "altText": "Žig Rainforest Alliance: Ljudje & Narava",
        "image": "https://imgproxy-retcat.assets.schwarz/lbMCis-jGZQNzMXk3WVad3uyJkZ4j8S3P-DyZdCd0KE/sm:1/w:140/cz/M6Ly9wcm9kLWNhd/GFsb2ctbWVkaWEvc2kvMi9FNjBFQjg3QzI4NzMzREE2NTY4NzA1OUN/EMUZDNkVCNUEwMkQxODZDNkQ0MUNFMjVDREJCMjdGNThDRDhGNEJBLnBuZw.png"
      }
    ],
    "ribbons": [],
    "highlighted_seals": 0,
    "lidl_plus": [],
    "regions": [],
    "ians": [
      "5529662"
    ],
    "show_brand": true,
    "deal_of_day_active": false,
    "full_title_meta": "BELLAROM Kavni napitek 3v1",
    "lists": [
      1651
    ],
    "preview": false,
    "category_breadcrumbs": [
      {
        "id": "10068374",
        "name": "Hrana in pijača",
        "url": "/c/hrana-in-pijaca/s10068374",
        "hidden": false
      },
      {
        "id": "10071683",
        "name": "Kava, čaj in kakav",
        "url": "/h/kava-caj-in-kakav/h10071683",
        "hidden": false
      }
    ],
    "campaigns": [
      {
        "id": "Current_Sales_Week",
        "name": "Ta teden",
        "url": null,
        "hidden": false
      },
      {
        "id": "10025137",
        "name": "Znižano vsaj tri mesece",
        "url": "/c/znizano-vsaj-tri-mesece/a10025137",
        "hidden": false
      }
    ],
    "world_of_needs_code": "1730",
    "world_of_needs_name": "Kava, čaj in kakav",
    "world_of_needs_parent": "17",
    "is_main_category": true,
    "super_categories": [
      {
        "code": "17",
        "name": "Hrana in bližnja hrana",
        "parent": "0"
      },
      {
        "code": "0",
        "name": "Svetovi potreb",
        "parent": ""
      }
    ],
    "position": 77,
    "tracking_payload": {
      "searchTrackingMasterId": "Product.10081821",
      "searchTrackingTitle": "Kavni+napitek+3v1",
      "searchTrackingPageSize": 100,
      "searchTrackingPage": 1,
      "searchTrackingEvent": "click",
      "list": "search",
      "searchTrackingId": "Product.10081821",
      "searchTrackingOrigPos": 1,
      "searchTrackingPos": 77,
      "searchTrackingOrigPageSize": 100,
      "searchTrackingChannel": "SI",
      "category": "Food"
    }
  },
  {
    "code": "10081822",
    "name": "Kavni napitek 2v1",
    "url": "",
    "result_class": "product",
    "type": "product",
    "product_id": 10081822,
    "erp_number": "10081822",
    "item_id": 10081822,
    "full_title": "BELLAROM Kavni napitek 2v1",
    "title": "Kavni napitek 2v1",
    "category": "Food",
    "product_type": "RETAIL",
    "age_restriction": false,
    "is_used_product": false,
    "multipack": false,
    "online": false,
    "store": true,
    "quick_add_to_cart": false,
    "flash_sales": false,
    "having_videos": false,
    "having_threesixty": false,
    "price": 1.19,
    "old_price": 1.29,
    "currency_code": "EUR",
    "currency_symbol": "€",
    "has_star": true,
    "has_vat": false,
    "price_theme": "white_red",
    "variants_have_different_prices": false,
    "base_price_text": "1 kg = 8.50",
    "base_price_prefix": false,
    "packaging_text": "140 g",
    "discount_deleted_price": 1.29,
    "discount_text": "CENEJE!",
    "discount_percentage": 7,
    "discount_has_star": false,
    "show_discount": true,
    "show_percentage": false,
    "from_recommended_price": false,
    "availability_indicator": 0,
    "online_available": false,
    "min_orderable_quantity": 1,
    "orderable_quantities": [],
    "badge_texts": [
      "V trgovini od 10.06."
    ],
    "badge_types": [
      "IN_STORE_FROM_DATE_PAST"
    ],
    "main_image": "https://imgproxy-retcat.assets.schwarz/27VUKYVixH-J0YeUgpgpLwu79ZydrWNJt37dHKuukBA/sm:1/w:427/h:320/cz/M6Ly9wcm9kLWNhd/GFsb2ctbWVkaWEvaW50L0QwMTA2MDk5MEEwQTQzRTJEMjBCNEE4OU/E3NjA3NUQ5QkYzRDkxMTE3MDE4MEUxOUJEOEM5MjExRUUxQzZBMjkucG5n.png",
    "image_list": [
      "https://imgproxy-retcat.assets.schwarz/27VUKYVixH-J0YeUgpgpLwu79ZydrWNJt37dHKuukBA/sm:1/w:427/h:320/cz/M6Ly9wcm9kLWNhd/GFsb2ctbWVkaWEvaW50L0QwMTA2MDk5MEEwQTQzRTJEMjBCNEE4OU/E3NjA3NUQ5QkYzRDkxMTE3MDE4MEUxOUJEOEM5MjExRUUxQzZBMjkucG5n.png"
    ],
    "image_accessibility": null,
    "detailed_images": [
      {
        "url": "https://imgproxy-retcat.assets.schwarz/27VUKYVixH-J0YeUgpgpLwu79ZydrWNJt37dHKuukBA/sm:1/w:427/h:320/cz/M6Ly9wcm9kLWNhd/GFsb2ctbWVkaWEvaW50L0QwMTA2MDk5MEEwQTQzRTJEMjBCNEE4OU/E3NjA3NUQ5QkYzRDkxMTE3MDE4MEUxOUJEOEM5MjExRUUxQzZBMjkucG5n.png",
        "accessibility": null
      }
    ],
    "analytics_category": "Food",
    "more_details": "Dodatne podrobnosti o izdelku",
    "won_category_primary": "Svetovi potreb/Hrana in bližnja hrana/Kava, čaj in kakav",
    "won_category_primary_path": "0/17/1730",
    "canonical_path": "/p/bellarom-kavni-napitek-2v1/p10081822",
    "canonical_url": "/p/bellarom-kavni-napitek-2v1/p10081822",
    "awards": [],
    "seals": [
      {
        "altText": "Žig Rainforest Alliance: Ljudje & Narava",
        "image": "https://imgproxy-retcat.assets.schwarz/lbMCis-jGZQNzMXk3WVad3uyJkZ4j8S3P-DyZdCd0KE/sm:1/w:140/cz/M6Ly9wcm9kLWNhd/GFsb2ctbWVkaWEvc2kvMi9FNjBFQjg3QzI4NzMzREE2NTY4NzA1OUN/EMUZDNkVCNUEwMkQxODZDNkQ0MUNFMjVDREJCMjdGNThDRDhGNEJBLnBuZw.png"
      }
    ],
    "ribbons": [],
    "highlighted_seals": 0,
    "lidl_plus": [],
    "regions": [],
    "ians": [
      "5529663"
    ],
    "show_brand": true,
    "deal_of_day_active": false,
    "full_title_meta": "BELLAROM Kavni napitek 2v1",
    "lists": [
      1651
    ],
    "preview": false,
    "category_breadcrumbs": [
      {
        "id": "10068374",
        "name": "Hrana in pijača",
        "url": "/c/hrana-in-pijaca/s10068374",
        "hidden": false
      },
      {
        "id": "10071683",
        "name": "Kava, čaj in kakav",
        "url": "/h/kava-caj-in-kakav/h10071683",
        "hidden": false
      }
    ],
    "campaigns": [
      {
        "id": "Current_Sales_Week",
        "name": "Ta teden",
        "url": null,
        "hidden": false
      },
      {
        "id": "10025137",
        "name": "Znižano vsaj tri mesece",
        "url": "/c/znizano-vsaj-tri-mesece/a10025137",
        "hidden": false
      }
    ],
    "world_of_needs_code": "1730",
    "world_of_needs_name": "Kava, čaj in kakav",
    "world_of_needs_parent": "17",
    "is_main_category": true,
    "super_categories": [
      {
        "code": "17",
        "name": "Hrana in bližnja hrana",
        "parent": "0"
      },
      {
        "code": "0",
        "name": "Svetovi potreb",
        "parent": ""
      }
    ],
    "position": 78,
    "tracking_payload": {
      "searchTrackingMasterId": "Product.10081822",
      "searchTrackingTitle": "Kavni+napitek+2v1",
      "searchTrackingPageSize": 100,
      "searchTrackingPage": 1,
      "searchTrackingEvent": "click",
      "list": "search",
      "searchTrackingId": "Product.10081822",
      "searchTrackingOrigPos": 1,
      "searchTrackingPos": 78,
      "searchTrackingOrigPageSize": 100,
      "searchTrackingChannel": "SI",
      "category": "Food"
    }
  },
  {
    "code": "10081984",
    "name": "WC obešanka Power Aktiv",
    "url": "",
    "result_class": "product",
    "type": "product",
    "product_id": 10081984,
    "erp_number": "10081984",
    "item_id": 10081984,
    "full_title": "BREF WC obešanka Power Aktiv",
    "title": "WC obešanka Power Aktiv",
    "category": "Food",
    "product_type": "RETAIL",
    "age_restriction": false,
    "is_used_product": false,
    "multipack": false,
    "online": false,
    "store": true,
    "quick_add_to_cart": false,
    "flash_sales": false,
    "having_videos": false,
    "having_threesixty": false,
    "price": 5.99,
    "old_price": 6.29,
    "currency_code": "EUR",
    "currency_symbol": "€",
    "has_star": true,
    "has_vat": false,
    "price_theme": "white_red",
    "variants_have_different_prices": false,
    "base_price_text": "1 kos = 1.50",
    "base_price_prefix": false,
    "packaging_text": "4 x 50 g",
    "discount_deleted_price": 6.29,
    "discount_text": "CENEJE!",
    "discount_percentage": 4,
    "discount_has_star": false,
    "show_discount": true,
    "show_percentage": false,
    "from_recommended_price": false,
    "availability_indicator": 0,
    "online_available": false,
    "min_orderable_quantity": 1,
    "orderable_quantities": [],
    "badge_texts": [
      "V trgovini od 21.06."
    ],
    "badge_types": [
      "IN_STORE_FROM_DATE_PAST"
    ],
    "main_image": "https://imgproxy-retcat.assets.schwarz/mUvkh1SWXQ4ninhhVg7pYhANOfl4QH7Ux-4lGd4bGEo/sm:1/w:427/h:320/cz/M6Ly9wcm9kLWNhd/GFsb2ctbWVkaWEvc2kvMS8wQzRGOERBM0FGRDU4RDdGQ0IxQjg5NjN/FNkY4Q0I0ODk4RjdEOUE5REQ0M0U1RjgxRkQ1MUM3MjQ5NEUwQjA3LmpwZw.jpg",
    "image_list": [
      "https://imgproxy-retcat.assets.schwarz/mUvkh1SWXQ4ninhhVg7pYhANOfl4QH7Ux-4lGd4bGEo/sm:1/w:427/h:320/cz/M6Ly9wcm9kLWNhd/GFsb2ctbWVkaWEvc2kvMS8wQzRGOERBM0FGRDU4RDdGQ0IxQjg5NjN/FNkY4Q0I0ODk4RjdEOUE5REQ0M0U1RjgxRkQ1MUM3MjQ5NEUwQjA3LmpwZw.jpg"
    ],
    "image_accessibility": "Brez WC osvežilec limone in borovnice.",
    "detailed_images": [
      {
        "url": "https://imgproxy-retcat.assets.schwarz/mUvkh1SWXQ4ninhhVg7pYhANOfl4QH7Ux-4lGd4bGEo/sm:1/w:427/h:320/cz/M6Ly9wcm9kLWNhd/GFsb2ctbWVkaWEvc2kvMS8wQzRGOERBM0FGRDU4RDdGQ0IxQjg5NjN/FNkY4Q0I0ODk4RjdEOUE5REQ0M0U1RjgxRkQ1MUM3MjQ5NEUwQjA3LmpwZw.jpg",
        "accessibility": "Brez WC osvežilec limone in borovnice."
      }
    ],
    "analytics_category": "Food",
    "more_details": "Dodatne podrobnosti o izdelku",
    "won_category_primary": "Svetovi potreb/Hrana in bližnja hrana/Drogerija - higiena, otroška hrana, kozmetika, čistila",
    "won_category_primary_path": "0/17/1723",
    "canonical_path": "/p/bref-wc-obesanka-power-aktiv/p10081984",
    "canonical_url": "/p/bref-wc-obesanka-power-aktiv/p10081984",
    "awards": [],
    "seals": [],
    "ribbons": [],
    "highlighted_seals": 0,
    "lidl_plus": [],
    "regions": [],
    "ians": [
      "9242"
    ],
    "show_brand": true,
    "deal_of_day_active": false,
    "full_title_meta": "BREF WC obešanka Power Aktiv",
    "lists": [
      1651
    ],
    "preview": false,
    "category_breadcrumbs": [
      {
        "id": "10068374",
        "name": "Hrana in pijača",
        "url": "/c/hrana-in-pijaca/s10068374",
        "hidden": false
      },
      {
        "id": "10071019",
        "name": "Osebna nega",
        "url": "/h/osebna-nega/h10071019",
        "hidden": false
      }
    ],
    "campaigns": [
      {
        "id": "Current_Sales_Week",
        "name": "Ta teden",
        "url": null,
        "hidden": false
      },
      {
        "id": "10025137",
        "name": "Znižano vsaj tri mesece",
        "url": "/c/znizano-vsaj-tri-mesece/a10025137",
        "hidden": false
      }
    ],
    "world_of_needs_code": "1723",
    "world_of_needs_name": "Drogerija - higiena, otroška hrana, kozmetika, čistila",
    "world_of_needs_parent": "17",
    "is_main_category": true,
    "super_categories": [
      {
        "code": "17",
        "name": "Hrana in bližnja hrana",
        "parent": "0"
      },
      {
        "code": "0",
        "name": "Svetovi potreb",
        "parent": ""
      }
    ],
    "position": 79,
    "tracking_payload": {
      "searchTrackingMasterId": "Product.10081984",
      "searchTrackingTitle": "WC+obe%C5%A1anka+Power+Aktiv",
      "searchTrackingPageSize": 100,
      "searchTrackingPage": 1,
      "searchTrackingEvent": "click",
      "list": "search",
      "searchTrackingId": "Product.10081984",
      "searchTrackingOrigPos": 1,
      "searchTrackingPos": 79,
      "searchTrackingOrigPageSize": 100,
      "searchTrackingChannel": "SI",
      "category": "Food"
    }
  },
  {
    "code": "10081041",
    "name": "Šunka",
    "url": "",
    "result_class": "product",
    "type": "product",
    "product_id": 10081041,
    "erp_number": "10081041",
    "item_id": 10081041,
    "full_title": "PIKOK Šunka",
    "title": "Šunka",
    "category": "Food",
    "product_type": "RETAIL",
    "age_restriction": false,
    "is_used_product": false,
    "multipack": false,
    "online": false,
    "store": true,
    "quick_add_to_cart": false,
    "flash_sales": false,
    "having_videos": false,
    "having_threesixty": false,
    "price": 1.99,
    "old_price": 2.19,
    "currency_code": "EUR",
    "currency_symbol": "€",
    "has_star": true,
    "has_vat": false,
    "price_theme": "white_red",
    "variants_have_different_prices": false,
    "base_price_text": "1 kg = 9.95",
    "base_price_prefix": false,
    "packaging_text": "200 g",
    "discount_deleted_price": 2.19,
    "discount_text": "CENEJE!",
    "discount_percentage": 9,
    "discount_has_star": false,
    "show_discount": true,
    "show_percentage": false,
    "from_recommended_price": false,
    "availability_indicator": 0,
    "online_available": false,
    "min_orderable_quantity": 1,
    "orderable_quantities": [],
    "badge_texts": [
      "V trgovini od 03.06."
    ],
    "badge_types": [
      "IN_STORE_FROM_DATE_PAST"
    ],
    "main_image": "https://imgproxy-retcat.assets.schwarz/l7Pg5qJkzXqcD_X-fwPM5bngbhlejq_zL3uLP1OI_lc/sm:1/w:427/h:320/cz/M6Ly9wcm9kLWNhd/GFsb2ctbWVkaWEvaW50Lzg5ODJENkVCOTAxRUQzNTc5OTNGNDA3RD/BBNDk3NEVCNDM0NEY1MUJGMDRGMkEwNTA5MjNBMzdGMDU4Q0U3MjEucG5n.png",
    "image_list": [
      "https://imgproxy-retcat.assets.schwarz/l7Pg5qJkzXqcD_X-fwPM5bngbhlejq_zL3uLP1OI_lc/sm:1/w:427/h:320/cz/M6Ly9wcm9kLWNhd/GFsb2ctbWVkaWEvaW50Lzg5ODJENkVCOTAxRUQzNTc5OTNGNDA3RD/BBNDk3NEVCNDM0NEY1MUJGMDRGMkEwNTA5MjNBMzdGMDU4Q0U3MjEucG5n.png"
    ],
    "image_accessibility": "Pikok šunka, 200g embalaža.",
    "detailed_images": [
      {
        "url": "https://imgproxy-retcat.assets.schwarz/l7Pg5qJkzXqcD_X-fwPM5bngbhlejq_zL3uLP1OI_lc/sm:1/w:427/h:320/cz/M6Ly9wcm9kLWNhd/GFsb2ctbWVkaWEvaW50Lzg5ODJENkVCOTAxRUQzNTc5OTNGNDA3RD/BBNDk3NEVCNDM0NEY1MUJGMDRGMkEwNTA5MjNBMzdGMDU4Q0U3MjEucG5n.png",
        "accessibility": "Pikok šunka, 200g embalaža."
      }
    ],
    "analytics_category": "Food",
    "more_details": "Dodatne podrobnosti o izdelku",
    "won_category_primary": "Svetovi potreb/Hrana in bližnja hrana/Klobase in meso",
    "won_category_primary_path": "0/17/1717",
    "canonical_path": "/p/pikok-sunka/p10081041",
    "canonical_url": "/p/pikok-sunka/p10081041",
    "awards": [],
    "seals": [
      {
        "altText": "Nalepka: Hlajeno",
        "image": "https://imgproxy-retcat.assets.schwarz/7x3Iby7aD19hFySDnP2YoXt7E1r0JrvJVj0QO1gUOes/sm:1/w:140/cz/M6Ly9wcm9kLWNhd/GFsb2ctbWVkaWEvc2kvMi8xMzFBN0E2RDlCREZGREQxOEE2OTFDNEZ/FNDE5RTM0QUMxQjY4OEQ0OUY2QTAxMTRDRjQ1RjdCNTNDRjM2NUJBLnBuZw.png"
      }
    ],
    "ribbons": [],
    "highlighted_seals": 0,
    "lidl_plus": [],
    "regions": [],
    "ians": [
      "6700472"
    ],
    "show_brand": true,
    "deal_of_day_active": false,
    "full_title_meta": "PIKOK Šunka",
    "lists": [
      1651
    ],
    "preview": false,
    "category_breadcrumbs": [
      {
        "id": "10068374",
        "name": "Hrana in pijača",
        "url": "/c/hrana-in-pijaca/s10068374",
        "hidden": false
      },
      {
        "id": "10071016",
        "name": "Meso in mesni izdelki",
        "url": "/h/meso-in-mesni-izdelki/h10071016",
        "hidden": false
      }
    ],
    "campaigns": [
      {
        "id": "Current_Sales_Week",
        "name": "Ta teden",
        "url": null,
        "hidden": false
      },
      {
        "id": "10025137",
        "name": "Znižano vsaj tri mesece",
        "url": "/c/znizano-vsaj-tri-mesece/a10025137",
        "hidden": false
      }
    ],
    "world_of_needs_code": "1717",
    "world_of_needs_name": "Klobase in meso",
    "world_of_needs_parent": "17",
    "is_main_category": true,
    "super_categories": [
      {
        "code": "17",
        "name": "Hrana in bližnja hrana",
        "parent": "0"
      },
      {
        "code": "0",
        "name": "Svetovi potreb",
        "parent": ""
      }
    ],
    "position": 80,
    "tracking_payload": {
      "searchTrackingMasterId": "Product.10081041",
      "searchTrackingTitle": "%C5%A0unka",
      "searchTrackingPageSize": 100,
      "searchTrackingPage": 1,
      "searchTrackingEvent": "click",
      "list": "search",
      "searchTrackingId": "Product.10081041",
      "searchTrackingOrigPos": 1,
      "searchTrackingPos": 80,
      "searchTrackingOrigPageSize": 100,
      "searchTrackingChannel": "SI",
      "category": "Food"
    }
  },
  {
    "code": "10081038",
    "name": "Refošk",
    "url": "",
    "result_class": "product",
    "type": "product",
    "product_id": 10081038,
    "erp_number": "10081038",
    "item_id": 10081038,
    "full_title": "BRIČ Refošk",
    "title": "Refošk",
    "category": "Food",
    "product_type": "RETAIL",
    "age_restriction": false,
    "is_used_product": false,
    "multipack": false,
    "online": false,
    "store": true,
    "quick_add_to_cart": false,
    "flash_sales": false,
    "having_videos": false,
    "having_threesixty": false,
    "price": 3.99,
    "old_price": 4.29,
    "currency_code": "EUR",
    "currency_symbol": "€",
    "has_star": true,
    "has_vat": false,
    "price_theme": "white_red",
    "variants_have_different_prices": false,
    "base_price_text": "1 l = 5.32",
    "base_price_prefix": false,
    "packaging_text": "0,75 l",
    "discount_deleted_price": 4.29,
    "discount_text": "CENEJE!",
    "discount_percentage": 6,
    "discount_has_star": false,
    "show_discount": true,
    "show_percentage": false,
    "from_recommended_price": false,
    "availability_indicator": 0,
    "online_available": false,
    "min_orderable_quantity": 1,
    "orderable_quantities": [],
    "badge_texts": [
      "V trgovini od 02.06."
    ],
    "badge_types": [
      "IN_STORE_FROM_DATE_PAST"
    ],
    "main_image": "https://imgproxy-retcat.assets.schwarz/VcOuoROjfMBwx8CkqQ0GA6nnCIRGqE7WX6v0Fe4SBeM/sm:1/w:427/h:320/cz/M6Ly9wcm9kLWNhd/GFsb2ctbWVkaWEvc2kvMS9CNjM5ODUyRkNENjkyOEJCNjRBMkQ2NEM/xRDUxQTREMzU4NDJDMzc4QTM0NkM2NTk0QjMwRTdCNjgyQTk4MEY2LmpwZw.jpg",
    "image_list": [
      "https://imgproxy-retcat.assets.schwarz/VcOuoROjfMBwx8CkqQ0GA6nnCIRGqE7WX6v0Fe4SBeM/sm:1/w:427/h:320/cz/M6Ly9wcm9kLWNhd/GFsb2ctbWVkaWEvc2kvMS9CNjM5ODUyRkNENjkyOEJCNjRBMkQ2NEM/xRDUxQTREMzU4NDJDMzc4QTM0NkM2NTk0QjMwRTdCNjgyQTk4MEY2LmpwZw.jpg"
    ],
    "image_accessibility": "Steklenica rdečega vina Brič Refošk.",
    "detailed_images": [
      {
        "url": "https://imgproxy-retcat.assets.schwarz/VcOuoROjfMBwx8CkqQ0GA6nnCIRGqE7WX6v0Fe4SBeM/sm:1/w:427/h:320/cz/M6Ly9wcm9kLWNhd/GFsb2ctbWVkaWEvc2kvMS9CNjM5ODUyRkNENjkyOEJCNjRBMkQ2NEM/xRDUxQTREMzU4NDJDMzc4QTM0NkM2NTk0QjMwRTdCNjgyQTk4MEY2LmpwZw.jpg",
        "accessibility": "Steklenica rdečega vina Brič Refošk."
      }
    ],
    "analytics_category": "Food",
    "more_details": "Dodatne podrobnosti o izdelku",
    "won_category_primary": "Svetovi potreb/Hrana in bližnja hrana/Jajca in osnovna živila (testenine, moka, stročnice itd.)",
    "won_category_primary_path": "0/17/1715",
    "canonical_path": "/p/bric-refosk/p10081038",
    "canonical_url": "/p/bric-refosk/p10081038",
    "awards": [],
    "seals": [],
    "ribbons": [],
    "highlighted_seals": 0,
    "lidl_plus": [],
    "regions": [],
    "ians": [
      "7301228"
    ],
    "show_brand": true,
    "deal_of_day_active": false,
    "full_title_meta": "BRIČ Refošk",
    "lists": [
      1651
    ],
    "preview": false,
    "category_breadcrumbs": [
      {
        "id": "10068374",
        "name": "Hrana in pijača",
        "url": "/c/hrana-in-pijaca/s10068374",
        "hidden": false
      },
      {
        "id": "10071045",
        "name": "Jajca in osnovna živila",
        "url": "/h/jajca-in-osnovna-zivila/h10071045",
        "hidden": false
      }
    ],
    "campaigns": [
      {
        "id": "Current_Sales_Week",
        "name": "Ta teden",
        "url": null,
        "hidden": false
      },
      {
        "id": "10025137",
        "name": "Znižano vsaj tri mesece",
        "url": "/c/znizano-vsaj-tri-mesece/a10025137",
        "hidden": false
      }
    ],
    "world_of_needs_code": "1715",
    "world_of_needs_name": "Jajca in osnovna živila (testenine, moka, stročnice itd.)",
    "world_of_needs_parent": "17",
    "is_main_category": true,
    "super_categories": [
      {
        "code": "17",
        "name": "Hrana in bližnja hrana",
        "parent": "0"
      },
      {
        "code": "0",
        "name": "Svetovi potreb",
        "parent": ""
      }
    ],
    "position": 81,
    "tracking_payload": {
      "searchTrackingMasterId": "Product.10081038",
      "searchTrackingTitle": "Refo%C5%A1k",
      "searchTrackingPageSize": 100,
      "searchTrackingPage": 1,
      "searchTrackingEvent": "click",
      "list": "search",
      "searchTrackingId": "Product.10081038",
      "searchTrackingOrigPos": 1,
      "searchTrackingPos": 81,
      "searchTrackingOrigPageSize": 100,
      "searchTrackingChannel": "SI",
      "category": "Food"
    }
  },
  {
    "code": "10077911",
    "name": "Pirina moka",
    "url": "",
    "result_class": "product",
    "type": "product",
    "product_id": 10077911,
    "erp_number": "10077911",
    "item_id": 10077911,
    "full_title": "BELBAKE Pirina moka",
    "title": "Pirina moka",
    "category": "Food",
    "product_type": "RETAIL",
    "age_restriction": false,
    "is_used_product": false,
    "multipack": false,
    "online": false,
    "store": true,
    "quick_add_to_cart": false,
    "flash_sales": false,
    "having_videos": false,
    "having_threesixty": false,
    "price": 1.39,
    "old_price": 1.59,
    "currency_code": "EUR",
    "currency_symbol": "€",
    "has_star": true,
    "has_vat": false,
    "price_theme": "white_red",
    "variants_have_different_prices": false,
    "base_price_text": null,
    "base_price_prefix": null,
    "packaging_text": "1 kg",
    "discount_deleted_price": 1.59,
    "discount_text": "- 12 %",
    "discount_percentage": 12,
    "discount_has_star": false,
    "show_discount": true,
    "show_percentage": true,
    "from_recommended_price": false,
    "availability_indicator": 0,
    "online_available": false,
    "min_orderable_quantity": 1,
    "orderable_quantities": [],
    "badge_texts": [
      "V trgovini od 09.05."
    ],
    "badge_types": [
      "IN_STORE_FROM_DATE_PAST"
    ],
    "main_image": "https://imgproxy-retcat.assets.schwarz/Z2cxCEsxnfsed4gxlemjtgdGnPvoKXYyWV2477I7di8/sm:1/w:427/h:320/cz/M6Ly9wcm9kLWNhd/GFsb2ctbWVkaWEvc2kvMS9GNzE4MTA5MTIwQTMyQjg2NzExRkIyRkU/3MEYxQTExREU1QThGM0ExMDhEQTgyMDYwMjgyQTQyQzhBQTdFQkJCLmpwZw.jpg",
    "image_list": [
      "https://imgproxy-retcat.assets.schwarz/Z2cxCEsxnfsed4gxlemjtgdGnPvoKXYyWV2477I7di8/sm:1/w:427/h:320/cz/M6Ly9wcm9kLWNhd/GFsb2ctbWVkaWEvc2kvMS9GNzE4MTA5MTIwQTMyQjg2NzExRkIyRkU/3MEYxQTExREU1QThGM0ExMDhEQTgyMDYwMjgyQTQyQzhBQTdFQkJCLmpwZw.jpg",
      "https://imgproxy-retcat.assets.schwarz/cu_zmixVfR4216rHFLfqKWVh4iBFvDXej-SdkkKwCXs/sm:1/w:427/h:320/cz/M6Ly9wcm9kLWNhd/GFsb2ctbWVkaWEvc2kvMS82MjcyMjhFMjZENkMwODE1QzJBNzBDNTF/GNkQyRjREM0QxNEUxQjE3MkFERUU0OUJDQTVCOTlBQTc0ODVDMkQ0LmpwZw.jpg"
    ],
    "image_accessibility": "Belbake pirina moka, idealna za torte in manjše pecivo.",
    "detailed_images": [
      {
        "url": "https://imgproxy-retcat.assets.schwarz/Z2cxCEsxnfsed4gxlemjtgdGnPvoKXYyWV2477I7di8/sm:1/w:427/h:320/cz/M6Ly9wcm9kLWNhd/GFsb2ctbWVkaWEvc2kvMS9GNzE4MTA5MTIwQTMyQjg2NzExRkIyRkU/3MEYxQTExREU1QThGM0ExMDhEQTgyMDYwMjgyQTQyQzhBQTdFQkJCLmpwZw.jpg",
        "accessibility": "Belbake pirina moka, idealna za torte in manjše pecivo."
      },
      {
        "url": "https://imgproxy-retcat.assets.schwarz/cu_zmixVfR4216rHFLfqKWVh4iBFvDXej-SdkkKwCXs/sm:1/w:427/h:320/cz/M6Ly9wcm9kLWNhd/GFsb2ctbWVkaWEvc2kvMS82MjcyMjhFMjZENkMwODE1QzJBNzBDNTF/GNkQyRjREM0QxNEUxQjE3MkFERUU0OUJDQTVCOTlBQTc0ODVDMkQ0LmpwZw.jpg",
        "accessibility": "Belbake polnozrnata pirina moka tip 1700 za peko."
      }
    ],
    "analytics_category": "Food",
    "more_details": "Dodatne podrobnosti o izdelku",
    "won_category_primary": "Svetovi potreb/Hrana in bližnja hrana/Jajca in osnovna živila (testenine, moka, stročnice itd.)",
    "won_category_primary_path": "0/17/1715",
    "canonical_path": "/p/belbake-pirina-moka/p10077911",
    "canonical_url": "/p/belbake-pirina-moka/p10077911",
    "awards": [],
    "seals": [],
    "ribbons": [],
    "highlighted_seals": 0,
    "lidl_plus": [],
    "regions": [],
    "ians": [
      "6715593"
    ],
    "show_brand": true,
    "deal_of_day_active": false,
    "full_title_meta": "BELBAKE Pirina moka",
    "lists": [
      1651
    ],
    "preview": false,
    "category_breadcrumbs": [
      {
        "id": "10068374",
        "name": "Hrana in pijača",
        "url": "/c/hrana-in-pijaca/s10068374",
        "hidden": false
      },
      {
        "id": "10071045",
        "name": "Jajca in osnovna živila",
        "url": "/h/jajca-in-osnovna-zivila/h10071045",
        "hidden": false
      }
    ],
    "campaigns": [
      {
        "id": "Current_Sales_Week",
        "name": "Ta teden",
        "url": null,
        "hidden": false
      },
      {
        "id": "10025137",
        "name": "Znižano vsaj tri mesece",
        "url": "/c/znizano-vsaj-tri-mesece/a10025137",
        "hidden": false
      }
    ],
    "world_of_needs_code": "1715",
    "world_of_needs_name": "Jajca in osnovna živila (testenine, moka, stročnice itd.)",
    "world_of_needs_parent": "17",
    "is_main_category": true,
    "super_categories": [
      {
        "code": "17",
        "name": "Hrana in bližnja hrana",
        "parent": "0"
      },
      {
        "code": "0",
        "name": "Svetovi potreb",
        "parent": ""
      }
    ],
    "position": 82,
    "tracking_payload": {
      "searchTrackingMasterId": "Product.10077911",
      "searchTrackingTitle": "Pirina+moka",
      "searchTrackingPageSize": 100,
      "searchTrackingPage": 1,
      "searchTrackingEvent": "click",
      "list": "search",
      "searchTrackingId": "Product.10077911",
      "searchTrackingOrigPos": 1,
      "searchTrackingPos": 82,
      "searchTrackingOrigPageSize": 100,
      "searchTrackingChannel": "SI",
      "category": "Food"
    }
  },
  {
    "code": "10073845",
    "name": "Patagonski lignji",
    "url": "",
    "result_class": "product",
    "type": "product",
    "product_id": 10073845,
    "erp_number": "10073845",
    "item_id": 10073845,
    "full_title": "NAŠA RIBARNICA Patagonski lignji",
    "title": "Patagonski lignji",
    "category": "Food",
    "product_type": "RETAIL",
    "age_restriction": false,
    "is_used_product": false,
    "multipack": false,
    "online": false,
    "store": false,
    "quick_add_to_cart": false,
    "flash_sales": false,
    "having_videos": false,
    "having_threesixty": false,
    "price": null,
    "old_price": null,
    "currency_code": "EUR",
    "currency_symbol": "€",
    "has_star": true,
    "has_vat": false,
    "price_theme": null,
    "variants_have_different_prices": false,
    "base_price_text": null,
    "base_price_prefix": null,
    "packaging_text": null,
    "discount_deleted_price": null,
    "discount_text": null,
    "discount_percentage": null,
    "discount_has_star": null,
    "show_discount": null,
    "show_percentage": null,
    "from_recommended_price": null,
    "availability_indicator": 0,
    "online_available": false,
    "min_orderable_quantity": 1,
    "orderable_quantities": [],
    "badge_texts": [
      "V trgovini od 10.07. do 12.07."
    ],
    "badge_types": [
      "IN_STORE_FROM_FUTURE_DATE_RANGE"
    ],
    "main_image": "https://imgproxy-retcat.assets.schwarz/begIXC4r5CwnnuzcqpkqwS3RM-0gMX6wgsTXm501zNQ/sm:1/w:427/h:320/cz/M6Ly9wcm9kLWNhd/GFsb2ctbWVkaWEvc2kvMS8yOTFEM0QyOTY4QTNDODYyMDJCNUZEMDB/ERjM3NkJGRDdDOTQ1MzBGMzkwNDc2NzkxNDcyNUYwMTIwRTQyMUE2LmpwZw.jpg",
    "image_list": [
      "https://imgproxy-retcat.assets.schwarz/begIXC4r5CwnnuzcqpkqwS3RM-0gMX6wgsTXm501zNQ/sm:1/w:427/h:320/cz/M6Ly9wcm9kLWNhd/GFsb2ctbWVkaWEvc2kvMS8yOTFEM0QyOTY4QTNDODYyMDJCNUZEMDB/ERjM3NkJGRDdDOTQ1MzBGMzkwNDc2NzkxNDcyNUYwMTIwRTQyMUE2LmpwZw.jpg"
    ],
    "image_accessibility": "Sveže lignje na ledu, pripravljene za kuhanje.",
    "detailed_images": [
      {
        "url": "https://imgproxy-retcat.assets.schwarz/begIXC4r5CwnnuzcqpkqwS3RM-0gMX6wgsTXm501zNQ/sm:1/w:427/h:320/cz/M6Ly9wcm9kLWNhd/GFsb2ctbWVkaWEvc2kvMS8yOTFEM0QyOTY4QTNDODYyMDJCNUZEMDB/ERjM3NkJGRDdDOTQ1MzBGMzkwNDc2NzkxNDcyNUYwMTIwRTQyMUE2LmpwZw.jpg",
        "accessibility": "Sveže lignje na ledu, pripravljene za kuhanje."
      }
    ],
    "analytics_category": "Food",
    "more_details": "Dodatne podrobnosti o izdelku",
    "won_category_primary": "Svetovi potreb/Hrana in bližnja hrana/Ribe in morski sadeži",
    "won_category_primary_path": "0/17/1733",
    "canonical_path": "/p/nasa-ribarnica-patagonski-lignji/p10073845",
    "canonical_url": "/p/nasa-ribarnica-patagonski-lignji/p10073845",
    "awards": [],
    "seals": [
      {
        "altText": "Logotip Lidl Plus",
        "image": "https://imgproxy-retcat.assets.schwarz/DjNLhjIEpHeUFO-WYf3wploAS16YAf6tVgt5EMshyFs/sm:1/w:140/cz/M6Ly9wcm9kLWNhd/GFsb2ctbWVkaWEvc2kvMi9BMEU2QkJCNEZCQTZENzlEQ0MzRDRFOEM/2REREODBCRjMwQUNFQjJBMDBGREI4RjI1M0Y3MDYzOTFFMTg3RUVGLnBuZw.png"
      }
    ],
    "ribbons": [],
    "highlighted_seals": 0,
    "lidl_plus": [
      {
        "price": {
          "basePrice": {
            "prefix": false,
            "text": "1 kg = 12.58"
          },
          "discount": {
            "deletedPrice": 8.99,
            "discountHasStar": false,
            "discountText": "- 30 %",
            "fromRecommendedPrice": false,
            "showDiscount": true,
            "showFrom": false,
            "showPercentage": true,
            "showUpTo": false
          },
          "displayedCurrency": "€",
          "hasStar": true,
          "hasVat": false,
          "oldPrice": 8.99,
          "packaging": {
            "text": "500 g"
          },
          "price": 6.29,
          "priceTheme": "red_yellow",
          "specialTaxes": []
        },
        "lidlPlusText": "z Lidl Plus",
        "highlightText": "- 30 %"
      }
    ],
    "regions": [],
    "ians": [
      "6908152"
    ],
    "show_brand": true,
    "deal_of_day_active": false,
    "full_title_meta": "NAŠA RIBARNICA Patagonski lignji",
    "lists": [
      4991
    ],
    "preview": false,
    "category_breadcrumbs": [
      {
        "id": "10068374",
        "name": "Hrana in pijača",
        "url": "/c/hrana-in-pijaca/s10068374",
        "hidden": false
      },
      {
        "id": "10071050",
        "name": "Ribe in morski sadeži",
        "url": "/h/ribe-in-morski-sadezi/h10071050",
        "hidden": false
      }
    ],
    "campaigns": [
      {
        "id": "Current_Sales_Week",
        "name": "Ta teden",
        "url": null,
        "hidden": false
      },
      {
        "id": "10024188",
        "name": "Lidl Plus",
        "url": "/c/lidl-plus/a10024188",
        "hidden": false
      }
    ],
    "world_of_needs_code": "1733",
    "world_of_needs_name": "Ribe in morski sadeži",
    "world_of_needs_parent": "17",
    "is_main_category": true,
    "super_categories": [
      {
        "code": "17",
        "name": "Hrana in bližnja hrana",
        "parent": "0"
      },
      {
        "code": "0",
        "name": "Svetovi potreb",
        "parent": ""
      }
    ],
    "position": 83,
    "tracking_payload": {
      "searchTrackingMasterId": "Product.10073845",
      "searchTrackingTitle": "Patagonski+lignji",
      "searchTrackingPageSize": 100,
      "searchTrackingPage": 1,
      "searchTrackingEvent": "click",
      "list": "search",
      "searchTrackingId": "Product.10073845",
      "searchTrackingOrigPos": 1,
      "searchTrackingPos": 83,
      "searchTrackingOrigPageSize": 100,
      "searchTrackingChannel": "SI",
      "category": "Food"
    }
  },
  {
    "code": "10082667",
    "name": "Sukulente „Be Cool“",
    "url": "",
    "result_class": "product",
    "type": "product",
    "product_id": 10082667,
    "erp_number": "10082667",
    "item_id": 10082667,
    "full_title": "Sukulente „Be Cool“",
    "title": "Sukulente „Be Cool“",
    "category": "Food",
    "product_type": "RETAIL",
    "age_restriction": false,
    "is_used_product": false,
    "multipack": false,
    "online": false,
    "store": false,
    "quick_add_to_cart": false,
    "flash_sales": false,
    "having_videos": false,
    "having_threesixty": false,
    "price": 3.99,
    "old_price": 0.0,
    "currency_code": "EUR",
    "currency_symbol": "€",
    "has_star": true,
    "has_vat": false,
    "price_theme": "white_red",
    "variants_have_different_prices": false,
    "base_price_text": null,
    "base_price_prefix": null,
    "packaging_text": "kos",
    "discount_deleted_price": null,
    "discount_text": "ZGRABITE PRILOŽNOST!",
    "discount_percentage": null,
    "discount_has_star": false,
    "show_discount": false,
    "show_percentage": false,
    "from_recommended_price": false,
    "availability_indicator": 0,
    "online_available": false,
    "min_orderable_quantity": 1,
    "orderable_quantities": [],
    "badge_texts": [
      "od 10.07. v trgovini"
    ],
    "badge_types": [
      "IN_STORE_FROM_DATE_FUTURE"
    ],
    "main_image": "https://imgproxy-retcat.assets.schwarz/NIQu0QizkN_ZcpmNW3iWUhLeBqjjyIYsJvHOjEcFaRY/sm:1/w:427/h:320/cz/M6Ly9wcm9kLWNhd/GFsb2ctbWVkaWEvc2kvMS9GMDhCQTRFREQyNzY0NzQwRURDMkRCMkV/EQjcwODA3OENFQkMwNkVBRDM1MThFNDZDODVFMkJBRUY3NjIxRUVDLmpwZw.jpg",
    "image_list": [
      "https://imgproxy-retcat.assets.schwarz/NIQu0QizkN_ZcpmNW3iWUhLeBqjjyIYsJvHOjEcFaRY/sm:1/w:427/h:320/cz/M6Ly9wcm9kLWNhd/GFsb2ctbWVkaWEvc2kvMS9GMDhCQTRFREQyNzY0NzQwRURDMkRCMkV/EQjcwODA3OENFQkMwNkVBRDM1MThFNDZDODVFMkJBRUY3NjIxRUVDLmpwZw.jpg",
      "https://imgproxy-retcat.assets.schwarz/Z4F677B5GCfMgnt9F0AI0-P8-HiBuQ8i81mBEIyflWs/sm:1/w:427/h:320/cz/M6Ly9wcm9kLWNhd/GFsb2ctbWVkaWEvc2kvMS81NkU3RjUyODg4QTZFMDRGMTY1QzBFNzU/yOUEyQ0U4NEFFRTBCOTVERjMxN0E2NDUyRDk2Q0ZENDZGOENENzI3LmpwZw.jpg",
      "https://imgproxy-retcat.assets.schwarz/t3-x9x2zF5HJWQfczDJtfrtYKPxw93EszqCzes1TaYs/sm:1/w:427/h:320/cz/M6Ly9wcm9kLWNhd/GFsb2ctbWVkaWEvc2kvMS84MEQwNEIwNTNBM0E0RDMwOTZGRUFFN0M/1OTFCQkQ5ODIyMkU1NEVERTAwOUNBOTc1MDUwQTEzOUYwQTkzMTc3LmpwZw.jpg"
    ],
    "image_accessibility": "Štirje simpatični lončki za sukulente v obliki smešnih likov s sončnimi očali.",
    "detailed_images": [
      {
        "url": "https://imgproxy-retcat.assets.schwarz/NIQu0QizkN_ZcpmNW3iWUhLeBqjjyIYsJvHOjEcFaRY/sm:1/w:427/h:320/cz/M6Ly9wcm9kLWNhd/GFsb2ctbWVkaWEvc2kvMS9GMDhCQTRFREQyNzY0NzQwRURDMkRCMkV/EQjcwODA3OENFQkMwNkVBRDM1MThFNDZDODVFMkJBRUY3NjIxRUVDLmpwZw.jpg",
        "accessibility": "Štirje simpatični lončki za sukulente v obliki smešnih likov s sončnimi očali."
      },
      {
        "url": "https://imgproxy-retcat.assets.schwarz/Z4F677B5GCfMgnt9F0AI0-P8-HiBuQ8i81mBEIyflWs/sm:1/w:427/h:320/cz/M6Ly9wcm9kLWNhd/GFsb2ctbWVkaWEvc2kvMS81NkU3RjUyODg4QTZFMDRGMTY1QzBFNzU/yOUEyQ0U4NEFFRTBCOTVERjMxN0E2NDUyRDk2Q0ZENDZGOENENzI3LmpwZw.jpg",
        "accessibility": "Rumena lončnica s smešnimi očali in sukulento."
      },
      {
        "url": "https://imgproxy-retcat.assets.schwarz/t3-x9x2zF5HJWQfczDJtfrtYKPxw93EszqCzes1TaYs/sm:1/w:427/h:320/cz/M6Ly9wcm9kLWNhd/GFsb2ctbWVkaWEvc2kvMS84MEQwNEIwNTNBM0E0RDMwOTZGRUFFN0M/1OTFCQkQ5ODIyMkU1NEVERTAwOUNBOTc1MDUwQTEzOUYwQTkzMTc3LmpwZw.jpg",
        "accessibility": "Oranžni lonček za rože v obliki smeška z očali, v katerem raste rastlina."
      }
    ],
    "analytics_category": "Food",
    "more_details": "Dodatne podrobnosti o izdelku",
    "won_category_primary": "Svetovi potreb/Hrana in bližnja hrana/Cvetje & Rastline (Žive rastline in šopki)",
    "won_category_primary_path": "0/17/1732",
    "canonical_path": "/p/sukulente-be-cool/p10082667",
    "canonical_url": "/p/sukulente-be-cool/p10082667",
    "awards": [],
    "seals": [],
    "ribbons": [],
    "highlighted_seals": 0,
    "lidl_plus": [],
    "regions": [],
    "ians": [
      "935060"
    ],
    "show_brand": false,
    "deal_of_day_active": false,
    "full_title_meta": "Sukulente „Be Cool“",
    "lists": [
      4991
    ],
    "preview": false,
    "category_breadcrumbs": [
      {
        "id": "10068374",
        "name": "Hrana in pijača",
        "url": "/c/hrana-in-pijaca/s10068374",
        "hidden": false
      },
      {
        "id": "10071024",
        "name": "Rože in rastline",
        "url": "/h/roze-in-rastline/h10071024",
        "hidden": false
      }
    ],
    "campaigns": [
      {
        "id": "10025105",
        "name": "Cvetličarna",
        "url": "/c/cvetlicarna/a10025105",
        "hidden": false
      }
    ],
    "world_of_needs_code": "1732",
    "world_of_needs_name": "Cvetje & Rastline (Žive rastline in šopki)",
    "world_of_needs_parent": "17",
    "is_main_category": true,
    "super_categories": [
      {
        "code": "17",
        "name": "Hrana in bližnja hrana",
        "parent": "0"
      },
      {
        "code": "0",
        "name": "Svetovi potreb",
        "parent": ""
      }
    ],
    "position": 84,
    "tracking_payload": {
      "searchTrackingMasterId": "Product.10082667",
      "searchTrackingTitle": "Sukulente+%E2%80%9EBe+Cool%E2%80%9C",
      "searchTrackingPageSize": 100,
      "searchTrackingPage": 1,
      "searchTrackingEvent": "click",
      "list": "search",
      "searchTrackingId": "Product.10082667",
      "searchTrackingOrigPos": 1,
      "searchTrackingPos": 84,
      "searchTrackingOrigPageSize": 100,
      "searchTrackingChannel": "SI",
      "category": "Food"
    }
  },
  {
    "code": "10082671",
    "name": "Zelena lončnica",
    "url": "",
    "result_class": "product",
    "type": "product",
    "product_id": 10082671,
    "erp_number": "10082671",
    "item_id": 10082671,
    "full_title": "Zelena lončnica",
    "title": "Zelena lončnica",
    "category": "Food",
    "product_type": "RETAIL",
    "age_restriction": false,
    "is_used_product": false,
    "multipack": false,
    "online": false,
    "store": false,
    "quick_add_to_cart": false,
    "flash_sales": false,
    "having_videos": false,
    "having_threesixty": false,
    "price": 6.99,
    "old_price": 0.0,
    "currency_code": "EUR",
    "currency_symbol": "€",
    "has_star": true,
    "has_vat": false,
    "price_theme": "white_red",
    "variants_have_different_prices": false,
    "base_price_text": null,
    "base_price_prefix": null,
    "packaging_text": "kos",
    "discount_deleted_price": null,
    "discount_text": "ZGRABITE PRILOŽNOST!",
    "discount_percentage": null,
    "discount_has_star": false,
    "show_discount": false,
    "show_percentage": false,
    "from_recommended_price": false,
    "availability_indicator": 0,
    "online_available": false,
    "min_orderable_quantity": 1,
    "orderable_quantities": [],
    "badge_texts": [
      "od 10.07. v trgovini"
    ],
    "badge_types": [
      "IN_STORE_FROM_DATE_FUTURE"
    ],
    "main_image": "https://imgproxy-retcat.assets.schwarz/zvLsZdj_QdoDTUjZopdP34-0kYKU87O1GQ5ajRTdl9Y/sm:1/w:427/h:320/cz/M6Ly9wcm9kLWNhd/GFsb2ctbWVkaWEvc2kvMS85QjA2NjBBNUVFRkU4RkIxMUMxOEE1NjV/CRDQ5N0U1Mzg2ODhGMzcyNzhEOUVCQ0I1NUJCNjhFMzU0MUM5MzEyLmpwZw.jpg",
    "image_list": [
      "https://imgproxy-retcat.assets.schwarz/zvLsZdj_QdoDTUjZopdP34-0kYKU87O1GQ5ajRTdl9Y/sm:1/w:427/h:320/cz/M6Ly9wcm9kLWNhd/GFsb2ctbWVkaWEvc2kvMS85QjA2NjBBNUVFRkU4RkIxMUMxOEE1NjV/CRDQ5N0U1Mzg2ODhGMzcyNzhEOUVCQ0I1NUJCNjhFMzU0MUM5MzEyLmpwZw.jpg",
      "https://imgproxy-retcat.assets.schwarz/ZPOLG3i58VEUpz09PZSEAMm4to3UtfP2UDM-Hw_gZcQ/sm:1/w:427/h:320/cz/M6Ly9wcm9kLWNhd/GFsb2ctbWVkaWEvc2kvMS8wNzU3QUIyNUMxRkU5OEI1ODdGQTExQUQ/xRkZCMEUzODMyOTg4OEVCNzEzREJBRjI1RTk4NUJDQjg0OTZGQTBGLmpwZw.jpg",
      "https://imgproxy-retcat.assets.schwarz/wT0tK6tnRWiHUqHb-dEnP3hmXn5GiKLBT5z_PpZpq14/sm:1/w:427/h:320/cz/M6Ly9wcm9kLWNhd/GFsb2ctbWVkaWEvc2kvMS8yQTlCMjA3NjQ5Q0Y3RTFBQUE5NTc0Qzk/yRDhDQjQ4QzlCOEQ4QUREOTJFRDNEQ0NCRDQwOTVCMUZGNDM3NDIzLmpwZw.jpg"
    ],
    "image_accessibility": "Dve okrasni rastlini v modro-belih lončkih: manjša bonsaj in večja juka.",
    "detailed_images": [
      {
        "url": "https://imgproxy-retcat.assets.schwarz/zvLsZdj_QdoDTUjZopdP34-0kYKU87O1GQ5ajRTdl9Y/sm:1/w:427/h:320/cz/M6Ly9wcm9kLWNhd/GFsb2ctbWVkaWEvc2kvMS85QjA2NjBBNUVFRkU4RkIxMUMxOEE1NjV/CRDQ5N0U1Mzg2ODhGMzcyNzhEOUVCQ0I1NUJCNjhFMzU0MUM5MzEyLmpwZw.jpg",
        "accessibility": "Dve okrasni rastlini v modro-belih lončkih: manjša bonsaj in večja juka."
      },
      {
        "url": "https://imgproxy-retcat.assets.schwarz/ZPOLG3i58VEUpz09PZSEAMm4to3UtfP2UDM-Hw_gZcQ/sm:1/w:427/h:320/cz/M6Ly9wcm9kLWNhd/GFsb2ctbWVkaWEvc2kvMS8wNzU3QUIyNUMxRkU5OEI1ODdGQTExQUQ/xRkZCMEUzODMyOTg4OEVCNzEzREJBRjI1RTk4NUJDQjg0OTZGQTBGLmpwZw.jpg",
        "accessibility": "Yucca rastlina v modro-belem loncu."
      },
      {
        "url": "https://imgproxy-retcat.assets.schwarz/wT0tK6tnRWiHUqHb-dEnP3hmXn5GiKLBT5z_PpZpq14/sm:1/w:427/h:320/cz/M6Ly9wcm9kLWNhd/GFsb2ctbWVkaWEvc2kvMS8yQTlCMjA3NjQ5Q0Y3RTFBQUE5NTc0Qzk/yRDhDQjQ4QzlCOEQ4QUREOTJFRDNEQ0NCRDQwOTVCMUZGNDM3NDIzLmpwZw.jpg",
        "accessibility": "Fikus v modro-belem loncu."
      }
    ],
    "analytics_category": "Food",
    "more_details": "Dodatne podrobnosti o izdelku",
    "won_category_primary": "Svetovi potreb/Hrana in bližnja hrana/Cvetje & Rastline (Žive rastline in šopki)",
    "won_category_primary_path": "0/17/1732",
    "canonical_path": "/p/zelena-loncnica/p10082671",
    "canonical_url": "/p/zelena-loncnica/p10082671",
    "awards": [],
    "seals": [],
    "ribbons": [],
    "highlighted_seals": 0,
    "lidl_plus": [],
    "regions": [],
    "ians": [
      "143488"
    ],
    "show_brand": false,
    "deal_of_day_active": false,
    "full_title_meta": "Zelena lončnica",
    "lists": [
      4991
    ],
    "preview": false,
    "category_breadcrumbs": [
      {
        "id": "10068374",
        "name": "Hrana in pijača",
        "url": "/c/hrana-in-pijaca/s10068374",
        "hidden": false
      },
      {
        "id": "10071024",
        "name": "Rože in rastline",
        "url": "/h/roze-in-rastline/h10071024",
        "hidden": false
      }
    ],
    "campaigns": [
      {
        "id": "10025105",
        "name": "Cvetličarna",
        "url": "/c/cvetlicarna/a10025105",
        "hidden": false
      }
    ],
    "world_of_needs_code": "1732",
    "world_of_needs_name": "Cvetje & Rastline (Žive rastline in šopki)",
    "world_of_needs_parent": "17",
    "is_main_category": true,
    "super_categories": [
      {
        "code": "17",
        "name": "Hrana in bližnja hrana",
        "parent": "0"
      },
      {
        "code": "0",
        "name": "Svetovi potreb",
        "parent": ""
      }
    ],
    "position": 85,
    "tracking_payload": {
      "searchTrackingMasterId": "Product.10082671",
      "searchTrackingTitle": "Zelena+lon%C4%8Dnica",
      "searchTrackingPageSize": 100,
      "searchTrackingPage": 1,
      "searchTrackingEvent": "click",
      "list": "search",
      "searchTrackingId": "Product.10082671",
      "searchTrackingOrigPos": 1,
      "searchTrackingPos": 85,
      "searchTrackingOrigPageSize": 100,
      "searchTrackingChannel": "SI",
      "category": "Food"
    }
  },
  {
    "code": "10082673",
    "name": "Nagelj",
    "url": "",
    "result_class": "product",
    "type": "product",
    "product_id": 10082673,
    "erp_number": "10082673",
    "item_id": 10082673,
    "full_title": "Nagelj",
    "title": "Nagelj",
    "category": "Food",
    "product_type": "RETAIL",
    "age_restriction": false,
    "is_used_product": false,
    "multipack": false,
    "online": false,
    "store": false,
    "quick_add_to_cart": false,
    "flash_sales": false,
    "having_videos": false,
    "having_threesixty": false,
    "price": 1.79,
    "old_price": 0.0,
    "currency_code": "EUR",
    "currency_symbol": "€",
    "has_star": true,
    "has_vat": false,
    "price_theme": "white_red",
    "variants_have_different_prices": false,
    "base_price_text": null,
    "base_price_prefix": null,
    "packaging_text": "kos",
    "discount_deleted_price": null,
    "discount_text": "ZGRABITE PRILOŽNOST!",
    "discount_percentage": null,
    "discount_has_star": false,
    "show_discount": false,
    "show_percentage": false,
    "from_recommended_price": false,
    "availability_indicator": 0,
    "online_available": false,
    "min_orderable_quantity": 1,
    "orderable_quantities": [],
    "badge_texts": [
      "od 14.07. v trgovini"
    ],
    "badge_types": [
      "IN_STORE_FROM_DATE_FUTURE"
    ],
    "main_image": "https://imgproxy-retcat.assets.schwarz/wK84HXwN8E9_M4TNHxHykWfawqNFZeytzHg8D6Op6ZQ/sm:1/w:427/h:320/cz/M6Ly9wcm9kLWNhd/GFsb2ctbWVkaWEvc2kvMS8wQTBEMUE1ODFERDA0NUFCMDJDNEU0QUZ/GNURDNzc2MjY5NDlGNTQ5RUMzNENEMkIyQjg3Mjk2MjE1RDE4NzMxLmpwZw.jpg",
    "image_list": [
      "https://imgproxy-retcat.assets.schwarz/wK84HXwN8E9_M4TNHxHykWfawqNFZeytzHg8D6Op6ZQ/sm:1/w:427/h:320/cz/M6Ly9wcm9kLWNhd/GFsb2ctbWVkaWEvc2kvMS8wQTBEMUE1ODFERDA0NUFCMDJDNEU0QUZ/GNURDNzc2MjY5NDlGNTQ5RUMzNENEMkIyQjg3Mjk2MjE1RDE4NzMxLmpwZw.jpg",
      "https://imgproxy-retcat.assets.schwarz/VpIqhkvU_hZJ6AynjpLb6iUvyXkx9z9HMtaxQfWxFro/sm:1/w:427/h:320/cz/M6Ly9wcm9kLWNhd/GFsb2ctbWVkaWEvc2kvMS9EMDMwQUFCMzM2RDg4OUI4RkRBRDAyNjQ/0MjQxQzExMUUzOTJFRENBRUJBQzdDRDZGNjgxQTBFN0NFQUQwMTMzLmpwZw.jpg",
      "https://imgproxy-retcat.assets.schwarz/r_PSvzPycu8iMmy8FMpK1EOF1GRbwlvNd3qR4Ia9fTU/sm:1/w:427/h:320/cz/M6Ly9wcm9kLWNhd/GFsb2ctbWVkaWEvc2kvMS82M0ZEODlFQ0Q2ODkwODU5RUFFQkU3QjU/wQTBEQTFBQzlCNTYwNzRENEQzNjYwRDk3N0EyNDc3QURBOEUxQ0UzLmpwZw.jpg"
    ],
    "image_accessibility": "Dva lončka z dišečimi nageljni v nežnih roza odtenkih.",
    "detailed_images": [
      {
        "url": "https://imgproxy-retcat.assets.schwarz/wK84HXwN8E9_M4TNHxHykWfawqNFZeytzHg8D6Op6ZQ/sm:1/w:427/h:320/cz/M6Ly9wcm9kLWNhd/GFsb2ctbWVkaWEvc2kvMS8wQTBEMUE1ODFERDA0NUFCMDJDNEU0QUZ/GNURDNzc2MjY5NDlGNTQ5RUMzNENEMkIyQjg3Mjk2MjE1RDE4NzMxLmpwZw.jpg",
        "accessibility": "Dva lončka z dišečimi nageljni v nežnih roza odtenkih."
      },
      {
        "url": "https://imgproxy-retcat.assets.schwarz/VpIqhkvU_hZJ6AynjpLb6iUvyXkx9z9HMtaxQfWxFro/sm:1/w:427/h:320/cz/M6Ly9wcm9kLWNhd/GFsb2ctbWVkaWEvc2kvMS9EMDMwQUFCMzM2RDg4OUI4RkRBRDAyNjQ/0MjQxQzExMUUzOTJFRENBRUJBQzdDRDZGNjgxQTBFN0NFQUQwMTMzLmpwZw.jpg",
        "accessibility": "Rožnati nagelj v črnem lončku."
      },
      {
        "url": "https://imgproxy-retcat.assets.schwarz/r_PSvzPycu8iMmy8FMpK1EOF1GRbwlvNd3qR4Ia9fTU/sm:1/w:427/h:320/cz/M6Ly9wcm9kLWNhd/GFsb2ctbWVkaWEvc2kvMS82M0ZEODlFQ0Q2ODkwODU5RUFFQkU3QjU/wQTBEQTFBQzlCNTYwNzRENEQzNjYwRDk3N0EyNDc3QURBOEUxQ0UzLmpwZw.jpg",
        "accessibility": "Rožnati nageljni v črnem lončku."
      }
    ],
    "analytics_category": "Food",
    "more_details": "Dodatne podrobnosti o izdelku",
    "won_category_primary": "Svetovi potreb/Hrana in bližnja hrana/Jajca in osnovna živila (testenine, moka, stročnice itd.)",
    "won_category_primary_path": "0/17/1715",
    "canonical_path": "/p/nagelj/p10082673",
    "canonical_url": "/p/nagelj/p10082673",
    "awards": [],
    "seals": [],
    "ribbons": [],
    "highlighted_seals": 0,
    "lidl_plus": [],
    "regions": [],
    "ians": [
      "107358"
    ],
    "show_brand": false,
    "deal_of_day_active": false,
    "full_title_meta": "Nagelj",
    "lists": [
      4991
    ],
    "preview": false,
    "category_breadcrumbs": [
      {
        "id": "10068374",
        "name": "Hrana in pijača",
        "url": "/c/hrana-in-pijaca/s10068374",
        "hidden": false
      },
      {
        "id": "10071045",
        "name": "Jajca in osnovna živila",
        "url": "/h/jajca-in-osnovna-zivila/h10071045",
        "hidden": false
      }
    ],
    "campaigns": [
      {
        "id": "10025105",
        "name": "Cvetličarna",
        "url": "/c/cvetlicarna/a10025105",
        "hidden": false
      }
    ],
    "world_of_needs_code": "1715",
    "world_of_needs_name": "Jajca in osnovna živila (testenine, moka, stročnice itd.)",
    "world_of_needs_parent": "17",
    "is_main_category": true,
    "super_categories": [
      {
        "code": "17",
        "name": "Hrana in bližnja hrana",
        "parent": "0"
      },
      {
        "code": "0",
        "name": "Svetovi potreb",
        "parent": ""
      }
    ],
    "position": 86,
    "tracking_payload": {
      "searchTrackingMasterId": "Product.10082673",
      "searchTrackingTitle": "Nagelj",
      "searchTrackingPageSize": 100,
      "searchTrackingPage": 1,
      "searchTrackingEvent": "click",
      "list": "search",
      "searchTrackingId": "Product.10082673",
      "searchTrackingOrigPos": 1,
      "searchTrackingPos": 86,
      "searchTrackingOrigPageSize": 100,
      "searchTrackingChannel": "SI",
      "category": "Food"
    }
  },
  {
    "code": "10082683",
    "name": "Sladoled v žogici",
    "url": "",
    "result_class": "product",
    "type": "product",
    "product_id": 10082683,
    "erp_number": "10082683",
    "item_id": 10082683,
    "full_title": "LEONE Sladoled v žogici",
    "title": "Sladoled v žogici",
    "category": "Food",
    "product_type": "RETAIL",
    "age_restriction": false,
    "is_used_product": false,
    "multipack": false,
    "online": false,
    "store": false,
    "quick_add_to_cart": false,
    "flash_sales": false,
    "having_videos": false,
    "having_threesixty": false,
    "price": null,
    "old_price": null,
    "currency_code": "EUR",
    "currency_symbol": "€",
    "has_star": true,
    "has_vat": false,
    "price_theme": null,
    "variants_have_different_prices": false,
    "base_price_text": null,
    "base_price_prefix": null,
    "packaging_text": null,
    "discount_deleted_price": null,
    "discount_text": null,
    "discount_percentage": null,
    "discount_has_star": null,
    "show_discount": null,
    "show_percentage": null,
    "from_recommended_price": null,
    "availability_indicator": 0,
    "online_available": false,
    "min_orderable_quantity": 1,
    "orderable_quantities": [],
    "badge_texts": [
      "V trgovini od 10.07. do 16.07."
    ],
    "badge_types": [
      "IN_STORE_FROM_FUTURE_DATE_RANGE"
    ],
    "main_image": "https://imgproxy-retcat.assets.schwarz/uooWiJ42l8kb1nBDTK4SM93SReXuNeXdoB6l7RnVrDA/sm:1/w:427/h:320/cz/M6Ly9wcm9kLWNhd/GFsb2ctbWVkaWEvc2kvMS8wNUNDMzcwRjUzRjZFNDkyMENEMjBGOUF/DMDQyNDdGQjU3RjM0NDlGMTAwNDlFQkFDNkE5N0M5NUFBNTlDMTY3LmpwZw.jpg",
    "image_list": [
      "https://imgproxy-retcat.assets.schwarz/uooWiJ42l8kb1nBDTK4SM93SReXuNeXdoB6l7RnVrDA/sm:1/w:427/h:320/cz/M6Ly9wcm9kLWNhd/GFsb2ctbWVkaWEvc2kvMS8wNUNDMzcwRjUzRjZFNDkyMENEMjBGOUF/DMDQyNDdGQjU3RjM0NDlGMTAwNDlFQkFDNkE5N0M5NUFBNTlDMTY3LmpwZw.jpg"
    ],
    "image_accessibility": "Trije barvni žogice z belim šesterokotnikom.",
    "detailed_images": [
      {
        "url": "https://imgproxy-retcat.assets.schwarz/uooWiJ42l8kb1nBDTK4SM93SReXuNeXdoB6l7RnVrDA/sm:1/w:427/h:320/cz/M6Ly9wcm9kLWNhd/GFsb2ctbWVkaWEvc2kvMS8wNUNDMzcwRjUzRjZFNDkyMENEMjBGOUF/DMDQyNDdGQjU3RjM0NDlGMTAwNDlFQkFDNkE5N0M5NUFBNTlDMTY3LmpwZw.jpg",
        "accessibility": "Trije barvni žogice z belim šesterokotnikom."
      }
    ],
    "analytics_category": "Food",
    "more_details": "Dodatne podrobnosti o izdelku",
    "won_category_primary": "Svetovi potreb/Hrana in bližnja hrana/Prigrizki in slaščice",
    "won_category_primary_path": "0/17/1721",
    "canonical_path": "/p/leone-sladoled-v-zogici/p10082683",
    "canonical_url": "/p/leone-sladoled-v-zogici/p10082683",
    "awards": [],
    "seals": [
      {
        "altText": "Logotip Lidl Plus",
        "image": "https://imgproxy-retcat.assets.schwarz/DjNLhjIEpHeUFO-WYf3wploAS16YAf6tVgt5EMshyFs/sm:1/w:140/cz/M6Ly9wcm9kLWNhd/GFsb2ctbWVkaWEvc2kvMi9BMEU2QkJCNEZCQTZENzlEQ0MzRDRFOEM/2REREODBCRjMwQUNFQjJBMDBGREI4RjI1M0Y3MDYzOTFFMTg3RUVGLnBuZw.png"
      },
      {
        "altText": "Slovenski izdelek",
        "image": "https://imgproxy-retcat.assets.schwarz/065GlWscfuyzRNlqdEjgEaZNE6893872XSglFaanlJA/sm:1/w:140/cz/M6Ly9wcm9kLWNhd/GFsb2ctbWVkaWEvc2kvMi83RTk4NkYyRDk1MTlDRUJBNzA1N0JGMzA/1QjA1NjUyRjVCMjMzNzZGRjY4MzVEREFGQzIwQzE5NDVFQUE5M0RCLnBuZw.png"
      }
    ],
    "ribbons": [],
    "highlighted_seals": 0,
    "lidl_plus": [
      {
        "price": {
          "basePrice": {
            "prefix": false,
            "text": "1 l = 3.93"
          },
          "discount": {
            "deletedPrice": 0.79,
            "discountHasStar": false,
            "discountText": "- 30 %",
            "fromRecommendedPrice": false,
            "showDiscount": true,
            "showFrom": false,
            "showPercentage": true,
            "showUpTo": false
          },
          "displayedCurrency": "€",
          "hasStar": true,
          "hasVat": false,
          "oldPrice": 0.79,
          "packaging": {
            "text": "140 ml"
          },
          "price": 0.55,
          "priceTheme": "red_yellow",
          "specialTaxes": []
        },
        "lidlPlusText": "z Lidl Plus",
        "highlightText": "- 30 %"
      }
    ],
    "regions": [],
    "ians": [
      "7300339"
    ],
    "show_brand": true,
    "deal_of_day_active": false,
    "full_title_meta": "LEONE Sladoled v žogici",
    "lists": [
      4991
    ],
    "preview": false,
    "category_breadcrumbs": [
      {
        "id": "10068374",
        "name": "Hrana in pijača",
        "url": "/c/hrana-in-pijaca/s10068374",
        "hidden": false
      },
      {
        "id": "10071044",
        "name": "Prigrizki in sladkarije",
        "url": "/h/prigrizki-in-sladkarije/h10071044",
        "hidden": false
      }
    ],
    "campaigns": [
      {
        "id": "Current_Sales_Week",
        "name": "Ta teden",
        "url": null,
        "hidden": false
      },
      {
        "id": "10024188",
        "name": "Lidl Plus",
        "url": "/c/lidl-plus/a10024188",
        "hidden": false
      }
    ],
    "world_of_needs_code": "1721",
    "world_of_needs_name": "Prigrizki in slaščice",
    "world_of_needs_parent": "17",
    "is_main_category": true,
    "super_categories": [
      {
        "code": "17",
        "name": "Hrana in bližnja hrana",
        "parent": "0"
      },
      {
        "code": "0",
        "name": "Svetovi potreb",
        "parent": ""
      }
    ],
    "position": 87,
    "tracking_payload": {
      "searchTrackingMasterId": "Product.10082683",
      "searchTrackingTitle": "Sladoled+v+%C5%BEogici",
      "searchTrackingPageSize": 100,
      "searchTrackingPage": 1,
      "searchTrackingEvent": "click",
      "list": "search",
      "searchTrackingId": "Product.10082683",
      "searchTrackingOrigPos": 1,
      "searchTrackingPos": 87,
      "searchTrackingOrigPageSize": 100,
      "searchTrackingChannel": "SI",
      "category": "Food"
    }
  },
  {
    "code": "10082696",
    "name": "Trajno mleko",
    "url": "",
    "result_class": "product",
    "type": "product",
    "product_id": 10082696,
    "erp_number": "10082696",
    "item_id": 10082696,
    "full_title": "ALMLIESL Trajno mleko",
    "title": "Trajno mleko",
    "category": "Food",
    "product_type": "RETAIL",
    "age_restriction": false,
    "is_used_product": false,
    "multipack": false,
    "online": false,
    "store": true,
    "quick_add_to_cart": false,
    "flash_sales": false,
    "having_videos": false,
    "having_threesixty": false,
    "price": 1.09,
    "old_price": 0.0,
    "currency_code": "EUR",
    "currency_symbol": "€",
    "has_star": true,
    "has_vat": false,
    "price_theme": "white_red",
    "variants_have_different_prices": false,
    "base_price_text": null,
    "base_price_prefix": null,
    "packaging_text": "1 l",
    "discount_deleted_price": null,
    "discount_text": null,
    "discount_percentage": null,
    "discount_has_star": null,
    "show_discount": null,
    "show_percentage": null,
    "from_recommended_price": null,
    "availability_indicator": 0,
    "online_available": false,
    "min_orderable_quantity": 1,
    "orderable_quantities": [],
    "badge_texts": [
      "V trgovini"
    ],
    "badge_types": [
      "IN_STORE"
    ],
    "main_image": "https://imgproxy-retcat.assets.schwarz/H4tzxlvTHX8XWARIyTCsoSsSCpBi5sF49zEM2Ay-4ZU/sm:1/w:427/h:320/cz/M6Ly9wcm9kLWNhd/GFsb2ctbWVkaWEvaW50L0I4Mzk0MjVDNzNCREQ2REQwREQ3OTI4RU/I4NEU0QjMzMTU0MUVDNTEzM0Y0RjE0NTM4Q0ZGMEY5MTQ1OTE4REYucG5n.png",
    "image_list": [
      "https://imgproxy-retcat.assets.schwarz/H4tzxlvTHX8XWARIyTCsoSsSCpBi5sF49zEM2Ay-4ZU/sm:1/w:427/h:320/cz/M6Ly9wcm9kLWNhd/GFsb2ctbWVkaWEvaW50L0I4Mzk0MjVDNzNCREQ2REQwREQ3OTI4RU/I4NEU0QjMzMTU0MUVDNTEzM0Y0RjE0NTM4Q0ZGMEY5MTQ1OTE4REYucG5n.png",
      "https://imgproxy-retcat.assets.schwarz/fjzxaMiRtRsBxUXhqPyXKs5CNQlmDiQv9GbXAensagA/sm:1/w:427/h:320/cz/M6Ly9wcm9kLWNhd/GFsb2ctbWVkaWEvaW50LzJBOEYyOTY3MzZGRDhFQTYyNjdENzIwRD/BGMDRDQUZCNjQwOEMxNEE0QzA0NEMwMzU5REM5REYyQTU0Q0EyQzIucG5n.png"
    ],
    "image_accessibility": "Almliesl polnomastno mleko (3,5% maščobe), dolgo obstojno mleko v kartonu.",
    "detailed_images": [
      {
        "url": "https://imgproxy-retcat.assets.schwarz/H4tzxlvTHX8XWARIyTCsoSsSCpBi5sF49zEM2Ay-4ZU/sm:1/w:427/h:320/cz/M6Ly9wcm9kLWNhd/GFsb2ctbWVkaWEvaW50L0I4Mzk0MjVDNzNCREQ2REQwREQ3OTI4RU/I4NEU0QjMzMTU0MUVDNTEzM0Y0RjE0NTM4Q0ZGMEY5MTQ1OTE4REYucG5n.png",
        "accessibility": "Almliesl polnomastno mleko (3,5% maščobe), dolgo obstojno mleko v kartonu."
      },
      {
        "url": "https://imgproxy-retcat.assets.schwarz/fjzxaMiRtRsBxUXhqPyXKs5CNQlmDiQv9GbXAensagA/sm:1/w:427/h:320/cz/M6Ly9wcm9kLWNhd/GFsb2ctbWVkaWEvaW50LzJBOEYyOTY3MzZGRDhFQTYyNjdENzIwRD/BGMDRDQUZCNjQwOEMxNEE0QzA0NEMwMzU5REM5REYyQTU0Q0EyQzIucG5n.png",
        "accessibility": "Kartonsko mleko Almliesl, polnomastno, 3,5% maščobe, UHT."
      }
    ],
    "analytics_category": "Food",
    "more_details": "Dodatne podrobnosti o izdelku",
    "won_category_primary": "Svetovi potreb/Hrana in bližnja hrana/Sir in mlečni izdelki (vključno z maslom in sirom)",
    "won_category_primary_path": "0/17/1718",
    "canonical_path": "/p/almliesl-trajno-mleko/p10082696",
    "canonical_url": "/p/almliesl-trajno-mleko/p10082696",
    "awards": [],
    "seals": [],
    "ribbons": [],
    "highlighted_seals": 0,
    "lidl_plus": [],
    "regions": [],
    "ians": [
      "227349"
    ],
    "show_brand": true,
    "deal_of_day_active": false,
    "full_title_meta": "ALMLIESL Trajno mleko",
    "lists": [
      16
    ],
    "preview": false,
    "category_breadcrumbs": [
      {
        "id": "10068374",
        "name": "Hrana in pijača",
        "url": "/c/hrana-in-pijaca/s10068374",
        "hidden": false
      },
      {
        "id": "10071017",
        "name": " Sir &  Mlečni izdelki",
        "url": "/h/sir-mlecni-izdelki/h10071017",
        "hidden": false
      }
    ],
    "campaigns": [
      {
        "id": "10025136",
        "name": "Novo v ponudbi",
        "url": "/c/novo-v-ponudbi/a10025136",
        "hidden": false
      }
    ],
    "world_of_needs_code": "1718",
    "world_of_needs_name": "Sir in mlečni izdelki (vključno z maslom in sirom)",
    "world_of_needs_parent": "17",
    "is_main_category": true,
    "super_categories": [
      {
        "code": "17",
        "name": "Hrana in bližnja hrana",
        "parent": "0"
      },
      {
        "code": "0",
        "name": "Svetovi potreb",
        "parent": ""
      }
    ],
    "position": 88,
    "tracking_payload": {
      "searchTrackingMasterId": "Product.10082696",
      "searchTrackingTitle": "Trajno+mleko",
      "searchTrackingPageSize": 100,
      "searchTrackingPage": 1,
      "searchTrackingEvent": "click",
      "list": "search",
      "searchTrackingId": "Product.10082696",
      "searchTrackingOrigPos": 1,
      "searchTrackingPos": 88,
      "searchTrackingOrigPageSize": 100,
      "searchTrackingChannel": "SI",
      "category": "Food"
    }
  },
  {
    "code": "10082697",
    "name": "Maslo",
    "url": "",
    "result_class": "product",
    "type": "product",
    "product_id": 10082697,
    "erp_number": "10082697",
    "item_id": 10082697,
    "full_title": "ALPINETTA Maslo",
    "title": "Maslo",
    "category": "Food",
    "product_type": "RETAIL",
    "age_restriction": false,
    "is_used_product": false,
    "multipack": false,
    "online": false,
    "store": true,
    "quick_add_to_cart": false,
    "flash_sales": false,
    "having_videos": false,
    "having_threesixty": false,
    "price": 2.19,
    "old_price": 0.0,
    "currency_code": "EUR",
    "currency_symbol": "€",
    "has_star": true,
    "has_vat": false,
    "price_theme": "white_red",
    "variants_have_different_prices": false,
    "base_price_text": "1 kg = 8.76",
    "base_price_prefix": false,
    "packaging_text": "250 g",
    "discount_deleted_price": null,
    "discount_text": null,
    "discount_percentage": null,
    "discount_has_star": null,
    "show_discount": null,
    "show_percentage": null,
    "from_recommended_price": null,
    "availability_indicator": 0,
    "online_available": false,
    "min_orderable_quantity": 1,
    "orderable_quantities": [],
    "badge_texts": [
      "V trgovini"
    ],
    "badge_types": [
      "IN_STORE"
    ],
    "main_image": "https://imgproxy-retcat.assets.schwarz/b6tjAZfFQkSc0kYOpDBETYLIpRqmPgIBPYhoQ5JH-Jw/sm:1/w:427/h:320/cz/M6Ly9wcm9kLWNhd/GFsb2ctbWVkaWEvaW50LzNCRTA2RUYxMkQ1REQ5NDQxRTE0OUYyOT/YwNUMwNkRFMjU0RjA4MEY5RDhGMDhBNjhGQTMwMDlDNDU4NDE1RjQucG5n.png",
    "image_list": [
      "https://imgproxy-retcat.assets.schwarz/b6tjAZfFQkSc0kYOpDBETYLIpRqmPgIBPYhoQ5JH-Jw/sm:1/w:427/h:320/cz/M6Ly9wcm9kLWNhd/GFsb2ctbWVkaWEvaW50LzNCRTA2RUYxMkQ1REQ5NDQxRTE0OUYyOT/YwNUMwNkRFMjU0RjA4MEY5RDhGMDhBNjhGQTMwMDlDNDU4NDE1RjQucG5n.png",
      "https://imgproxy-retcat.assets.schwarz/vpzSVEt1vpFOKwkNuMQ4UFrsfg4MFzk4jCFpE0vDT6E/sm:1/w:427/h:320/cz/M6Ly9wcm9kLWNhd/GFsb2ctbWVkaWEvaW50L0FCNEVEQTNFMTM0MDY4RkU1REFFRDRBN0/Q4REU1NjA3QkZGNTAwNjM2MzRFMzUwQzhFQkVGN0REQjIwQzVFNkMucG5n.png"
    ],
    "image_accessibility": "Alpineetta Altbayerische Butter, 250g embalaža.",
    "detailed_images": [
      {
        "url": "https://imgproxy-retcat.assets.schwarz/b6tjAZfFQkSc0kYOpDBETYLIpRqmPgIBPYhoQ5JH-Jw/sm:1/w:427/h:320/cz/M6Ly9wcm9kLWNhd/GFsb2ctbWVkaWEvaW50LzNCRTA2RUYxMkQ1REQ5NDQxRTE0OUYyOT/YwNUMwNkRFMjU0RjA4MEY5RDhGMDhBNjhGQTMwMDlDNDU4NDE1RjQucG5n.png",
        "accessibility": "Alpineetta Altbayerische Butter, 250g embalaža."
      },
      {
        "url": "https://imgproxy-retcat.assets.schwarz/vpzSVEt1vpFOKwkNuMQ4UFrsfg4MFzk4jCFpE0vDT6E/sm:1/w:427/h:320/cz/M6Ly9wcm9kLWNhd/GFsb2ctbWVkaWEvaW50L0FCNEVEQTNFMTM0MDY4RkU1REFFRDRBN0/Q4REU1NjA3QkZGNTAwNjM2MzRFMzUwQzhFQkVGN0REQjIwQzVFNkMucG5n.png",
        "accessibility": "250g pakiranje Alpinetta altbayrische masla."
      }
    ],
    "analytics_category": "Food",
    "more_details": "Dodatne podrobnosti o izdelku",
    "won_category_primary": "Svetovi potreb/Hrana in bližnja hrana/Sir in mlečni izdelki (vključno z maslom in sirom)",
    "won_category_primary_path": "0/17/1718",
    "canonical_path": "/p/alpinetta-maslo/p10082697",
    "canonical_url": "/p/alpinetta-maslo/p10082697",
    "awards": [],
    "seals": [
      {
        "altText": "Nalepka: Hlajeno",
        "image": "https://imgproxy-retcat.assets.schwarz/7x3Iby7aD19hFySDnP2YoXt7E1r0JrvJVj0QO1gUOes/sm:1/w:140/cz/M6Ly9wcm9kLWNhd/GFsb2ctbWVkaWEvc2kvMi8xMzFBN0E2RDlCREZGREQxOEE2OTFDNEZ/FNDE5RTM0QUMxQjY4OEQ0OUY2QTAxMTRDRjQ1RjdCNTNDRjM2NUJBLnBuZw.png"
      }
    ],
    "ribbons": [],
    "highlighted_seals": 0,
    "lidl_plus": [],
    "regions": [],
    "ians": [
      "1003781"
    ],
    "show_brand": true,
    "deal_of_day_active": false,
    "full_title_meta": "ALPINETTA Maslo",
    "lists": [
      16
    ],
    "preview": false,
    "category_breadcrumbs": [
      {
        "id": "10068374",
        "name": "Hrana in pijača",
        "url": "/c/hrana-in-pijaca/s10068374",
        "hidden": false
      },
      {
        "id": "10071017",
        "name": " Sir &  Mlečni izdelki",
        "url": "/h/sir-mlecni-izdelki/h10071017",
        "hidden": false
      }
    ],
    "campaigns": [
      {
        "id": "10025136",
        "name": "Novo v ponudbi",
        "url": "/c/novo-v-ponudbi/a10025136",
        "hidden": false
      }
    ],
    "world_of_needs_code": "1718",
    "world_of_needs_name": "Sir in mlečni izdelki (vključno z maslom in sirom)",
    "world_of_needs_parent": "17",
    "is_main_category": true,
    "super_categories": [
      {
        "code": "17",
        "name": "Hrana in bližnja hrana",
        "parent": "0"
      },
      {
        "code": "0",
        "name": "Svetovi potreb",
        "parent": ""
      }
    ],
    "position": 89,
    "tracking_payload": {
      "searchTrackingMasterId": "Product.10082697",
      "searchTrackingTitle": "Maslo",
      "searchTrackingPageSize": 100,
      "searchTrackingPage": 1,
      "searchTrackingEvent": "click",
      "list": "search",
      "searchTrackingId": "Product.10082697",
      "searchTrackingOrigPos": 1,
      "searchTrackingPos": 89,
      "searchTrackingOrigPageSize": 100,
      "searchTrackingChannel": "SI",
      "category": "Food"
    }
  },
  {
    "code": "10082698",
    "name": "Premium sladoled",
    "url": "",
    "result_class": "product",
    "type": "product",
    "product_id": 10082698,
    "erp_number": "10082698",
    "item_id": 10082698,
    "full_title": "DELUXE Premium sladoled",
    "title": "Premium sladoled",
    "category": "Food",
    "product_type": "RETAIL",
    "age_restriction": false,
    "is_used_product": false,
    "multipack": false,
    "online": false,
    "store": true,
    "quick_add_to_cart": false,
    "flash_sales": false,
    "having_videos": false,
    "having_threesixty": false,
    "price": 4.49,
    "old_price": 0.0,
    "currency_code": "EUR",
    "currency_symbol": "€",
    "has_star": true,
    "has_vat": false,
    "price_theme": "white_red",
    "variants_have_different_prices": false,
    "base_price_text": "1 l = 4.99",
    "base_price_prefix": false,
    "packaging_text": "900 ml",
    "discount_deleted_price": null,
    "discount_text": null,
    "discount_percentage": null,
    "discount_has_star": null,
    "show_discount": null,
    "show_percentage": null,
    "from_recommended_price": null,
    "availability_indicator": 0,
    "online_available": false,
    "min_orderable_quantity": 1,
    "orderable_quantities": [],
    "badge_texts": [
      "V trgovini"
    ],
    "badge_types": [
      "IN_STORE"
    ],
    "main_image": "https://imgproxy-retcat.assets.schwarz/7MJ0y6oGbq8r5lc0I_1WiOtw4EPONdwrMOG1Fp1qdtM/sm:1/w:427/h:320/cz/M6Ly9wcm9kLWNhd/GFsb2ctbWVkaWEvaW50L0Q3OTkxNDQ2QTA4MDI2MkQ0RUQ0RkUyNk/M3OTc3QkI5MUFGQjY1MUE1NUUxNUU5MDBCMkRGQjQzRjlBNThFOUUucG5n.png",
    "image_list": [
      "https://imgproxy-retcat.assets.schwarz/7MJ0y6oGbq8r5lc0I_1WiOtw4EPONdwrMOG1Fp1qdtM/sm:1/w:427/h:320/cz/M6Ly9wcm9kLWNhd/GFsb2ctbWVkaWEvaW50L0Q3OTkxNDQ2QTA4MDI2MkQ0RUQ0RkUyNk/M3OTc3QkI5MUFGQjY1MUE1NUUxNUU5MDBCMkRGQjQzRjlBNThFOUUucG5n.png",
      "https://imgproxy-retcat.assets.schwarz/PpmwT3dR559bcj_zuiGjY1_Ukk1nFkpYt2U_ED6f180/sm:1/w:427/h:320/cz/M6Ly9wcm9kLWNhd/GFsb2ctbWVkaWEvaW50LzU5ODIyQjc1MEUyOTczRUZDNTgyNTBBM0/RDOUMxNkU5OTZEQTZCRUQ4NjM4MUExNDkzMTU2OTM5QjUzMDA1QkQucG5n.png"
    ],
    "image_accessibility": "Deluxe sladoledni desert z okusom gozdnega sadja in vanilije v prozornem plastičnem lončku.",
    "detailed_images": [
      {
        "url": "https://imgproxy-retcat.assets.schwarz/7MJ0y6oGbq8r5lc0I_1WiOtw4EPONdwrMOG1Fp1qdtM/sm:1/w:427/h:320/cz/M6Ly9wcm9kLWNhd/GFsb2ctbWVkaWEvaW50L0Q3OTkxNDQ2QTA4MDI2MkQ0RUQ0RkUyNk/M3OTc3QkI5MUFGQjY1MUE1NUUxNUU5MDBCMkRGQjQzRjlBNThFOUUucG5n.png",
        "accessibility": "Deluxe sladoledni desert z okusom gozdnega sadja in vanilije v prozornem plastičnem lončku."
      },
      {
        "url": "https://imgproxy-retcat.assets.schwarz/PpmwT3dR559bcj_zuiGjY1_Ukk1nFkpYt2U_ED6f180/sm:1/w:427/h:320/cz/M6Ly9wcm9kLWNhd/GFsb2ctbWVkaWEvaW50LzU5ODIyQjc1MEUyOTczRUZDNTgyNTBBM0/RDOUMxNkU5OTZEQTZCRUQ4NjM4MUExNDkzMTU2OTM5QjUzMDA1QkQucG5n.png",
        "accessibility": "Deluxe trojni čokoladni sladoledni desert v prozornem plastičnem lončku."
      }
    ],
    "analytics_category": "Food",
    "more_details": "Dodatne podrobnosti o izdelku",
    "won_category_primary": "Svetovi potreb/Hrana in bližnja hrana/Zamrznjena hrana (Zamrznjena hrana)",
    "won_category_primary_path": "0/17/1716",
    "canonical_path": "/p/deluxe-premium-sladoled/p10082698",
    "canonical_url": "/p/deluxe-premium-sladoled/p10082698",
    "awards": [],
    "seals": [
      {
        "altText": "Žig Rainforest Alliance: Ljudje & Narava",
        "image": "https://imgproxy-retcat.assets.schwarz/lbMCis-jGZQNzMXk3WVad3uyJkZ4j8S3P-DyZdCd0KE/sm:1/w:140/cz/M6Ly9wcm9kLWNhd/GFsb2ctbWVkaWEvc2kvMi9FNjBFQjg3QzI4NzMzREE2NTY4NzA1OUN/EMUZDNkVCNUEwMkQxODZDNkQ0MUNFMjVDREJCMjdGNThDRDhGNEJBLnBuZw.png"
      },
      {
        "altText": "Znak: Zamrznjeno",
        "image": "https://imgproxy-retcat.assets.schwarz/ayWyw20LfIYJzOhoc4KvR8G0z3S3CSGFD0vHUIK3dgY/sm:1/w:140/cz/M6Ly9wcm9kLWNhd/GFsb2ctbWVkaWEvc2kvMi81NkZCNjYzMzA5NkRFMERFNzUzNEI1ODY/xRDQ4Q0MxRTkxQkUzNUMxOTBGNTAyMURGMjJGODEyQzk0ODhCNTYwLnBuZw.png"
      }
    ],
    "ribbons": [],
    "highlighted_seals": 0,
    "lidl_plus": [],
    "regions": [],
    "ians": [
      "6600758"
    ],
    "show_brand": true,
    "deal_of_day_active": false,
    "full_title_meta": "DELUXE Premium sladoled",
    "lists": [
      16
    ],
    "preview": false,
    "category_breadcrumbs": [
      {
        "id": "10068374",
        "name": "Hrana in pijača",
        "url": "/c/hrana-in-pijaca/s10068374",
        "hidden": false
      },
      {
        "id": "10071049",
        "name": "Zamrznjena hrana",
        "url": "/h/zamrznjena-hrana/h10071049",
        "hidden": false
      }
    ],
    "campaigns": [
      {
        "id": "10025136",
        "name": "Novo v ponudbi",
        "url": "/c/novo-v-ponudbi/a10025136",
        "hidden": false
      }
    ],
    "world_of_needs_code": "1716",
    "world_of_needs_name": "Zamrznjena hrana (Zamrznjena hrana)",
    "world_of_needs_parent": "17",
    "is_main_category": true,
    "super_categories": [
      {
        "code": "17",
        "name": "Hrana in bližnja hrana",
        "parent": "0"
      },
      {
        "code": "0",
        "name": "Svetovi potreb",
        "parent": ""
      }
    ],
    "position": 90,
    "tracking_payload": {
      "searchTrackingMasterId": "Product.10082698",
      "searchTrackingTitle": "Premium+sladoled",
      "searchTrackingPageSize": 100,
      "searchTrackingPage": 1,
      "searchTrackingEvent": "click",
      "list": "search",
      "searchTrackingId": "Product.10082698",
      "searchTrackingOrigPos": 1,
      "searchTrackingPos": 90,
      "searchTrackingOrigPageSize": 100,
      "searchTrackingChannel": "SI",
      "category": "Food"
    }
  },
  {
    "code": "10082699",
    "name": "Pomarančni nektar",
    "url": "",
    "result_class": "product",
    "type": "product",
    "product_id": 10082699,
    "erp_number": "10082699",
    "item_id": 10082699,
    "full_title": "SOLEVITA Pomarančni nektar",
    "title": "Pomarančni nektar",
    "category": "Food",
    "product_type": "RETAIL",
    "age_restriction": false,
    "is_used_product": false,
    "multipack": false,
    "online": false,
    "store": true,
    "quick_add_to_cart": false,
    "flash_sales": false,
    "having_videos": false,
    "having_threesixty": false,
    "price": 1.69,
    "old_price": 0.0,
    "currency_code": "EUR",
    "currency_symbol": "€",
    "has_star": true,
    "has_vat": false,
    "price_theme": "white_red",
    "variants_have_different_prices": false,
    "base_price_text": "1 l = 0.85",
    "base_price_prefix": false,
    "packaging_text": "2 l",
    "discount_deleted_price": null,
    "discount_text": null,
    "discount_percentage": null,
    "discount_has_star": null,
    "show_discount": null,
    "show_percentage": null,
    "from_recommended_price": null,
    "availability_indicator": 0,
    "online_available": false,
    "min_orderable_quantity": 1,
    "orderable_quantities": [],
    "badge_texts": [
      "V trgovini"
    ],
    "badge_types": [
      "IN_STORE"
    ],
    "main_image": "https://imgproxy-retcat.assets.schwarz/stxu-wGVwAMZ-j4Pcpl9TXSQ8QrEXuPzO4CnmZqUab0/sm:1/w:427/h:320/cz/M6Ly9wcm9kLWNhd/GFsb2ctbWVkaWEvaW50LzY5Qzk5RTAwQjM3NUI1NUI1MDFEMzU5QT/FENjIyNDE3QjlGRjRFRkZERTEyQzlEMkZCQzJFMjhBNkRFNTlBQzAucG5n.png",
    "image_list": [
      "https://imgproxy-retcat.assets.schwarz/stxu-wGVwAMZ-j4Pcpl9TXSQ8QrEXuPzO4CnmZqUab0/sm:1/w:427/h:320/cz/M6Ly9wcm9kLWNhd/GFsb2ctbWVkaWEvaW50LzY5Qzk5RTAwQjM3NUI1NUI1MDFEMzU5QT/FENjIyNDE3QjlGRjRFRkZERTEyQzlEMkZCQzJFMjhBNkRFNTlBQzAucG5n.png",
      "https://imgproxy-retcat.assets.schwarz/ws2OeD7-ggzE4u120j0cOi1juQKmwaAi6U-nmVzcLKQ/sm:1/w:427/h:320/cz/M6Ly9wcm9kLWNhd/GFsb2ctbWVkaWEvaW50L0QxQ0E1NTQ5RDc5QUU3QjA2QzBDQzgxQk/E0NzNBNEIxQkY5NzY3NjJCRDEyRDQ0MjA4NzhGOTY4MEY0NjVENDYucG5n.png"
    ],
    "image_accessibility": "2L škatla Solevita pomarančnega nektarja iz koncentrata.",
    "detailed_images": [
      {
        "url": "https://imgproxy-retcat.assets.schwarz/stxu-wGVwAMZ-j4Pcpl9TXSQ8QrEXuPzO4CnmZqUab0/sm:1/w:427/h:320/cz/M6Ly9wcm9kLWNhd/GFsb2ctbWVkaWEvaW50LzY5Qzk5RTAwQjM3NUI1NUI1MDFEMzU5QT/FENjIyNDE3QjlGRjRFRkZERTEyQzlEMkZCQzJFMjhBNkRFNTlBQzAucG5n.png",
        "accessibility": "2L škatla Solevita pomarančnega nektarja iz koncentrata."
      },
      {
        "url": "https://imgproxy-retcat.assets.schwarz/ws2OeD7-ggzE4u120j0cOi1juQKmwaAi6U-nmVzcLKQ/sm:1/w:427/h:320/cz/M6Ly9wcm9kLWNhd/GFsb2ctbWVkaWEvaW50L0QxQ0E1NTQ5RDc5QUU3QjA2QzBDQzgxQk/E0NzNBNEIxQkY5NzY3NjJCRDEyRDQ0MjA4NzhGOTY4MEY0NjVENDYucG5n.png",
        "accessibility": "Solevita pomarančni nektar, 2L kartonska embalaža, iz koncentrata, najmanj 50% sadne sestavine."
      }
    ],
    "analytics_category": "Food",
    "more_details": "Dodatne podrobnosti o izdelku",
    "won_category_primary": "Svetovi potreb/Hrana in bližnja hrana/Pijače",
    "won_category_primary_path": "0/17/1720",
    "canonical_path": "/p/solevita-pomarancni-nektar/p10082699",
    "canonical_url": "/p/solevita-pomarancni-nektar/p10082699",
    "awards": [],
    "seals": [],
    "ribbons": [],
    "highlighted_seals": 0,
    "lidl_plus": [],
    "regions": [],
    "ians": [
      "6905993"
    ],
    "show_brand": true,
    "deal_of_day_active": false,
    "full_title_meta": "SOLEVITA Pomarančni nektar",
    "lists": [
      16
    ],
    "preview": false,
    "category_breadcrumbs": [
      {
        "id": "10068374",
        "name": "Hrana in pijača",
        "url": "/c/hrana-in-pijaca/s10068374",
        "hidden": false
      },
      {
        "id": "10071022",
        "name": "Pijače",
        "url": "/h/pijace/h10071022",
        "hidden": false
      }
    ],
    "campaigns": [
      {
        "id": "10025136",
        "name": "Novo v ponudbi",
        "url": "/c/novo-v-ponudbi/a10025136",
        "hidden": false
      }
    ],
    "world_of_needs_code": "1720",
    "world_of_needs_name": "Pijače",
    "world_of_needs_parent": "17",
    "is_main_category": true,
    "super_categories": [
      {
        "code": "17",
        "name": "Hrana in bližnja hrana",
        "parent": "0"
      },
      {
        "code": "0",
        "name": "Svetovi potreb",
        "parent": ""
      }
    ],
    "position": 91,
    "tracking_payload": {
      "searchTrackingMasterId": "Product.10082699",
      "searchTrackingTitle": "Pomaran%C4%8Dni+nektar",
      "searchTrackingPageSize": 100,
      "searchTrackingPage": 1,
      "searchTrackingEvent": "click",
      "list": "search",
      "searchTrackingId": "Product.10082699",
      "searchTrackingOrigPos": 1,
      "searchTrackingPos": 91,
      "searchTrackingOrigPageSize": 100,
      "searchTrackingChannel": "SI",
      "category": "Food"
    }
  },
  {
    "code": "10082705",
    "name": "Linški keksi",
    "url": "",
    "result_class": "product",
    "type": "product",
    "product_id": 10082705,
    "erp_number": "10082705",
    "item_id": 10082705,
    "full_title": "MANNER Linški keksi",
    "title": "Linški keksi",
    "category": "Food",
    "product_type": "RETAIL",
    "age_restriction": false,
    "is_used_product": false,
    "multipack": false,
    "online": false,
    "store": false,
    "quick_add_to_cart": false,
    "flash_sales": false,
    "having_videos": false,
    "having_threesixty": false,
    "price": 1.89,
    "old_price": 0.0,
    "currency_code": "EUR",
    "currency_symbol": "€",
    "has_star": true,
    "has_vat": false,
    "price_theme": "white_red",
    "variants_have_different_prices": false,
    "base_price_text": "1 kg = 10.80",
    "base_price_prefix": false,
    "packaging_text": "175 g",
    "discount_deleted_price": null,
    "discount_text": null,
    "discount_percentage": null,
    "discount_has_star": null,
    "show_discount": null,
    "show_percentage": null,
    "from_recommended_price": null,
    "availability_indicator": 0,
    "online_available": false,
    "min_orderable_quantity": 1,
    "orderable_quantities": [],
    "badge_texts": [
      "od 14.07. v trgovini"
    ],
    "badge_types": [
      "IN_STORE_FROM_DATE_FUTURE"
    ],
    "main_image": "https://imgproxy-retcat.assets.schwarz/tieBJ79nAsVvqA_56LCyvel20igyf_SsLFovBQIlE4U/sm:1/w:427/h:320/cz/M6Ly9wcm9kLWNhd/GFsb2ctbWVkaWEvc2kvMS9GNTFENTZEODBGRkMzMDAyOTk5MzVBNjA/1REQ0NzUwRTYyMjBBQkQzQTVFRUY5MUFCNzFBNUNBQUZCMEQzNjkxLmpwZw.jpg",
    "image_list": [
      "https://imgproxy-retcat.assets.schwarz/tieBJ79nAsVvqA_56LCyvel20igyf_SsLFovBQIlE4U/sm:1/w:427/h:320/cz/M6Ly9wcm9kLWNhd/GFsb2ctbWVkaWEvc2kvMS9GNTFENTZEODBGRkMzMDAyOTk5MzVBNjA/1REQ0NzUwRTYyMjBBQkQzQTVFRUY5MUFCNzFBNUNBQUZCMEQzNjkxLmpwZw.jpg"
    ],
    "image_accessibility": "Pakiranje Milka Linzer Keksi piškotov.",
    "detailed_images": [
      {
        "url": "https://imgproxy-retcat.assets.schwarz/tieBJ79nAsVvqA_56LCyvel20igyf_SsLFovBQIlE4U/sm:1/w:427/h:320/cz/M6Ly9wcm9kLWNhd/GFsb2ctbWVkaWEvc2kvMS9GNTFENTZEODBGRkMzMDAyOTk5MzVBNjA/1REQ0NzUwRTYyMjBBQkQzQTVFRUY5MUFCNzFBNUNBQUZCMEQzNjkxLmpwZw.jpg",
        "accessibility": "Pakiranje Milka Linzer Keksi piškotov."
      }
    ],
    "analytics_category": "Food",
    "more_details": "Dodatne podrobnosti o izdelku",
    "won_category_primary": "Svetovi potreb/Hrana in bližnja hrana/Prigrizki in slaščice",
    "won_category_primary_path": "0/17/1721",
    "canonical_path": "/p/manner-linski-keksi/p10082705",
    "canonical_url": "/p/manner-linski-keksi/p10082705",
    "awards": [],
    "seals": [],
    "ribbons": [],
    "highlighted_seals": 0,
    "lidl_plus": [],
    "regions": [],
    "ians": [
      "5002518"
    ],
    "show_brand": true,
    "deal_of_day_active": false,
    "full_title_meta": "MANNER Linški keksi",
    "lists": [
      4991
    ],
    "preview": false,
    "category_breadcrumbs": [
      {
        "id": "10068374",
        "name": "Hrana in pijača",
        "url": "/c/hrana-in-pijaca/s10068374",
        "hidden": false
      },
      {
        "id": "10071044",
        "name": "Prigrizki in sladkarije",
        "url": "/h/prigrizki-in-sladkarije/h10071044",
        "hidden": false
      }
    ],
    "campaigns": [
      {
        "id": "Next_Sales_Week",
        "name": "Naslednji teden",
        "url": null,
        "hidden": false
      },
      {
        "id": "10075265",
        "name": "Navdih Alp",
        "url": "/c/navdih-alp/a10075265",
        "hidden": false
      }
    ],
    "world_of_needs_code": "1721",
    "world_of_needs_name": "Prigrizki in slaščice",
    "world_of_needs_parent": "17",
    "is_main_category": true,
    "super_categories": [
      {
        "code": "17",
        "name": "Hrana in bližnja hrana",
        "parent": "0"
      },
      {
        "code": "0",
        "name": "Svetovi potreb",
        "parent": ""
      }
    ],
    "position": 92,
    "tracking_payload": {
      "searchTrackingMasterId": "Product.10082705",
      "searchTrackingTitle": "Lin%C5%A1ki+keksi",
      "searchTrackingPageSize": 100,
      "searchTrackingPage": 1,
      "searchTrackingEvent": "click",
      "list": "search",
      "searchTrackingId": "Product.10082705",
      "searchTrackingOrigPos": 1,
      "searchTrackingPos": 92,
      "searchTrackingOrigPageSize": 100,
      "searchTrackingChannel": "SI",
      "category": "Food"
    }
  },
  {
    "code": "10082707",
    "name": "Jabolčni zavitek",
    "url": "",
    "result_class": "product",
    "type": "product",
    "product_id": 10082707,
    "erp_number": "10082707",
    "item_id": 10082707,
    "full_title": "ALPENFEST Jabolčni zavitek",
    "title": "Jabolčni zavitek",
    "category": "Food",
    "product_type": "RETAIL",
    "age_restriction": false,
    "is_used_product": false,
    "multipack": false,
    "online": false,
    "store": false,
    "quick_add_to_cart": false,
    "flash_sales": false,
    "having_videos": false,
    "having_threesixty": false,
    "price": 1.69,
    "old_price": 0.0,
    "currency_code": "EUR",
    "currency_symbol": "€",
    "has_star": true,
    "has_vat": false,
    "price_theme": "white_red",
    "variants_have_different_prices": false,
    "base_price_text": "1 kg = 2.82",
    "base_price_prefix": false,
    "packaging_text": "600 g",
    "discount_deleted_price": null,
    "discount_text": null,
    "discount_percentage": null,
    "discount_has_star": null,
    "show_discount": null,
    "show_percentage": null,
    "from_recommended_price": null,
    "availability_indicator": 0,
    "online_available": false,
    "min_orderable_quantity": 1,
    "orderable_quantities": [],
    "badge_texts": [
      "od 14.07. v trgovini"
    ],
    "badge_types": [
      "IN_STORE_FROM_DATE_FUTURE"
    ],
    "main_image": "https://imgproxy-retcat.assets.schwarz/1B3317hgzHyrC_ujrBwg06ifp3xgp1VAR9y7YmceD2o/sm:1/w:427/h:320/cz/M6Ly9wcm9kLWNhd/GFsb2ctbWVkaWEvc2kvMS8yOUMyQzk5QUY5NEE4QUQxMkM4MDM5OTI/2OEVFNTIzNTA5RjkxMTdFQjY4MkY1MEI0QTlBQTY0NTcyNEY2MzM3LmpwZw.jpg",
    "image_list": [
      "https://imgproxy-retcat.assets.schwarz/1B3317hgzHyrC_ujrBwg06ifp3xgp1VAR9y7YmceD2o/sm:1/w:427/h:320/cz/M6Ly9wcm9kLWNhd/GFsb2ctbWVkaWEvc2kvMS8yOUMyQzk5QUY5NEE4QUQxMkM4MDM5OTI/2OEVFNTIzNTA5RjkxMTdFQjY4MkY1MEI0QTlBQTY0NTcyNEY2MzM3LmpwZw.jpg"
    ],
    "image_accessibility": "Pakiranje Teat Apfelstrudel, jabolčnega štrudlja.",
    "detailed_images": [
      {
        "url": "https://imgproxy-retcat.assets.schwarz/1B3317hgzHyrC_ujrBwg06ifp3xgp1VAR9y7YmceD2o/sm:1/w:427/h:320/cz/M6Ly9wcm9kLWNhd/GFsb2ctbWVkaWEvc2kvMS8yOUMyQzk5QUY5NEE4QUQxMkM4MDM5OTI/2OEVFNTIzNTA5RjkxMTdFQjY4MkY1MEI0QTlBQTY0NTcyNEY2MzM3LmpwZw.jpg",
        "accessibility": "Pakiranje Teat Apfelstrudel, jabolčnega štrudlja."
      }
    ],
    "analytics_category": "Food",
    "more_details": "Dodatne podrobnosti o izdelku",
    "won_category_primary": "Svetovi potreb/Hrana in bližnja hrana/Kruh in pekovsko pecivo",
    "won_category_primary_path": "0/17/1713",
    "canonical_path": "/p/alpenfest-jabolcni-zavitek/p10082707",
    "canonical_url": "/p/alpenfest-jabolcni-zavitek/p10082707",
    "awards": [],
    "seals": [
      {
        "altText": "Znak: Zamrznjeno",
        "image": "https://imgproxy-retcat.assets.schwarz/ayWyw20LfIYJzOhoc4KvR8G0z3S3CSGFD0vHUIK3dgY/sm:1/w:140/cz/M6Ly9wcm9kLWNhd/GFsb2ctbWVkaWEvc2kvMi81NkZCNjYzMzA5NkRFMERFNzUzNEI1ODY/xRDQ4Q0MxRTkxQkUzNUMxOTBGNTAyMURGMjJGODEyQzk0ODhCNTYwLnBuZw.png"
      }
    ],
    "ribbons": [],
    "highlighted_seals": 0,
    "lidl_plus": [],
    "regions": [],
    "ians": [
      "26475"
    ],
    "show_brand": true,
    "deal_of_day_active": false,
    "full_title_meta": "ALPENFEST Jabolčni zavitek",
    "lists": [
      4991
    ],
    "preview": false,
    "category_breadcrumbs": [
      {
        "id": "10068374",
        "name": "Hrana in pijača",
        "url": "/c/hrana-in-pijaca/s10068374",
        "hidden": false
      },
      {
        "id": "10071015",
        "name": "Kruh in pekovski izdelki",
        "url": "/h/kruh-in-pekovski-izdelki/h10071015",
        "hidden": false
      }
    ],
    "campaigns": [
      {
        "id": "Next_Sales_Week",
        "name": "Naslednji teden",
        "url": null,
        "hidden": false
      },
      {
        "id": "10075265",
        "name": "Navdih Alp",
        "url": "/c/navdih-alp/a10075265",
        "hidden": false
      }
    ],
    "world_of_needs_code": "1713",
    "world_of_needs_name": "Kruh in pekovsko pecivo",
    "world_of_needs_parent": "17",
    "is_main_category": true,
    "super_categories": [
      {
        "code": "17",
        "name": "Hrana in bližnja hrana",
        "parent": "0"
      },
      {
        "code": "0",
        "name": "Svetovi potreb",
        "parent": ""
      }
    ],
    "position": 93,
    "tracking_payload": {
      "searchTrackingMasterId": "Product.10082707",
      "searchTrackingTitle": "Jabol%C4%8Dni+zavitek",
      "searchTrackingPageSize": 100,
      "searchTrackingPage": 1,
      "searchTrackingEvent": "click",
      "list": "search",
      "searchTrackingId": "Product.10082707",
      "searchTrackingOrigPos": 1,
      "searchTrackingPos": 93,
      "searchTrackingOrigPageSize": 100,
      "searchTrackingChannel": "SI",
      "category": "Food"
    }
  },
  {
    "code": "10082711",
    "name": "Slane preste v čokoladi",
    "url": "",
    "result_class": "product",
    "type": "product",
    "product_id": 10082711,
    "erp_number": "10082711",
    "item_id": 10082711,
    "full_title": "ALPENFEST Slane preste v čokoladi",
    "title": "Slane preste v čokoladi",
    "category": "Food",
    "product_type": "RETAIL",
    "age_restriction": false,
    "is_used_product": false,
    "multipack": false,
    "online": false,
    "store": false,
    "quick_add_to_cart": false,
    "flash_sales": false,
    "having_videos": false,
    "having_threesixty": false,
    "price": 1.99,
    "old_price": 0.0,
    "currency_code": "EUR",
    "currency_symbol": "€",
    "has_star": true,
    "has_vat": false,
    "price_theme": "white_red",
    "variants_have_different_prices": false,
    "base_price_text": "1 kg = 14.21",
    "base_price_prefix": false,
    "packaging_text": "140 g",
    "discount_deleted_price": null,
    "discount_text": "ZGRABITE PRILOŽNOST!",
    "discount_percentage": null,
    "discount_has_star": false,
    "show_discount": false,
    "show_percentage": false,
    "from_recommended_price": false,
    "availability_indicator": 0,
    "online_available": false,
    "min_orderable_quantity": 1,
    "orderable_quantities": [],
    "badge_texts": [
      "od 14.07. v trgovini"
    ],
    "badge_types": [
      "IN_STORE_FROM_DATE_FUTURE"
    ],
    "main_image": "https://imgproxy-retcat.assets.schwarz/10W_r3UdCTlOQzEFaxjPj2XzVDv6uajSYofPn5a_un4/sm:1/w:427/h:320/cz/M6Ly9wcm9kLWNhd/GFsb2ctbWVkaWEvc2kvMS8wNTlBNkM1QTY1QkVGQkM3OTQ2QjIwMjF/GRjE5QjBGRkQ1QjFFOTJDNjRCNjQ2RjA2MjU0MUE5NDRFNjJDNzQ5LmpwZw.jpg",
    "image_list": [
      "https://imgproxy-retcat.assets.schwarz/10W_r3UdCTlOQzEFaxjPj2XzVDv6uajSYofPn5a_un4/sm:1/w:427/h:320/cz/M6Ly9wcm9kLWNhd/GFsb2ctbWVkaWEvc2kvMS8wNTlBNkM1QTY1QkVGQkM3OTQ2QjIwMjF/GRjE5QjBGRkQ1QjFFOTJDNjRCNjQ2RjA2MjU0MUE5NDRFNjJDNzQ5LmpwZw.jpg",
      "https://imgproxy-retcat.assets.schwarz/fos5nvgm9qLSZE5Ni7r5XJmHXQ6AlhS8aw0TYput3C4/sm:1/w:427/h:320/cz/M6Ly9wcm9kLWNhd/GFsb2ctbWVkaWEvc2kvMS9GMEM1NTIxMTM1MDg1NTBGN0U3NzNCMzI/yOENDNDhFRkJENUU0NkM1OTk2QzM0MEQzRDZCMUFFODIxMzI2QzkyLmpwZw.jpg",
      "https://imgproxy-retcat.assets.schwarz/GTPNNXP6HXAbySmOLOgcWWNRjF7n87kjfwdW321K8yM/sm:1/w:427/h:320/cz/M6Ly9wcm9kLWNhd/GFsb2ctbWVkaWEvc2kvMS9EOUQ3RkREOEEwMDJGMkZCOUIyRjhDRTh/CNThEQzYxNDg3MTlBODcyNDBEQkI5QjA4QjIzNkUyNDgzOTYyNzdDLmpwZw.jpg"
    ],
    "image_accessibility": "Paketka s čokoladnimi in soljenimi mini pretzel prigrizki znamke Leibniz.",
    "detailed_images": [
      {
        "url": "https://imgproxy-retcat.assets.schwarz/10W_r3UdCTlOQzEFaxjPj2XzVDv6uajSYofPn5a_un4/sm:1/w:427/h:320/cz/M6Ly9wcm9kLWNhd/GFsb2ctbWVkaWEvc2kvMS8wNTlBNkM1QTY1QkVGQkM3OTQ2QjIwMjF/GRjE5QjBGRkQ1QjFFOTJDNjRCNjQ2RjA2MjU0MUE5NDRFNjJDNzQ5LmpwZw.jpg",
        "accessibility": "Paketka s čokoladnimi in soljenimi mini pretzel prigrizki znamke Leibniz."
      },
      {
        "url": "https://imgproxy-retcat.assets.schwarz/fos5nvgm9qLSZE5Ni7r5XJmHXQ6AlhS8aw0TYput3C4/sm:1/w:427/h:320/cz/M6Ly9wcm9kLWNhd/GFsb2ctbWVkaWEvc2kvMS9GMEM1NTIxMTM1MDg1NTBGN0U3NzNCMzI/yOENDNDhFRkJENUU0NkM1OTk2QzM0MEQzRDZCMUFFODIxMzI2QzkyLmpwZw.jpg",
        "accessibility": "Zamrznjeni Alpenfest šaleški štruklji."
      },
      {
        "url": "https://imgproxy-retcat.assets.schwarz/GTPNNXP6HXAbySmOLOgcWWNRjF7n87kjfwdW321K8yM/sm:1/w:427/h:320/cz/M6Ly9wcm9kLWNhd/GFsb2ctbWVkaWEvc2kvMS9EOUQ3RkREOEEwMDJGMkZCOUIyRjhDRTh/CNThEQzYxNDg3MTlBODcyNDBEQkI5QjA4QjIzNkUyNDgzOTYyNzdDLmpwZw.jpg",
        "accessibility": "Paket Alpina Fest mini pretcnov v čokoladi s soljo."
      }
    ],
    "analytics_category": "Food",
    "more_details": "Dodatne podrobnosti o izdelku",
    "won_category_primary": "Svetovi potreb/Hrana in bližnja hrana/Prigrizki in slaščice",
    "won_category_primary_path": "0/17/1721",
    "canonical_path": "/p/alpenfest-slane-preste-v-cokoladi/p10082711",
    "canonical_url": "/p/alpenfest-slane-preste-v-cokoladi/p10082711",
    "awards": [],
    "seals": [],
    "ribbons": [],
    "highlighted_seals": 0,
    "lidl_plus": [],
    "regions": [],
    "ians": [
      "142154"
    ],
    "show_brand": true,
    "deal_of_day_active": false,
    "full_title_meta": "ALPENFEST Slane preste v čokoladi",
    "lists": [
      4991
    ],
    "preview": false,
    "category_breadcrumbs": [
      {
        "id": "10068374",
        "name": "Hrana in pijača",
        "url": "/c/hrana-in-pijaca/s10068374",
        "hidden": false
      },
      {
        "id": "10071044",
        "name": "Prigrizki in sladkarije",
        "url": "/h/prigrizki-in-sladkarije/h10071044",
        "hidden": false
      }
    ],
    "campaigns": [
      {
        "id": "Next_Sales_Week",
        "name": "Naslednji teden",
        "url": null,
        "hidden": false
      },
      {
        "id": "10075265",
        "name": "Navdih Alp",
        "url": "/c/navdih-alp/a10075265",
        "hidden": false
      }
    ],
    "world_of_needs_code": "1721",
    "world_of_needs_name": "Prigrizki in slaščice",
    "world_of_needs_parent": "17",
    "is_main_category": true,
    "super_categories": [
      {
        "code": "17",
        "name": "Hrana in bližnja hrana",
        "parent": "0"
      },
      {
        "code": "0",
        "name": "Svetovi potreb",
        "parent": ""
      }
    ],
    "position": 94,
    "tracking_payload": {
      "searchTrackingMasterId": "Product.10082711",
      "searchTrackingTitle": "Slane+preste+v+%C4%8Dokoladi",
      "searchTrackingPageSize": 100,
      "searchTrackingPage": 1,
      "searchTrackingEvent": "click",
      "list": "search",
      "searchTrackingId": "Product.10082711",
      "searchTrackingOrigPos": 1,
      "searchTrackingPos": 94,
      "searchTrackingOrigPageSize": 100,
      "searchTrackingChannel": "SI",
      "category": "Food"
    }
  },
  {
    "code": "10082715",
    "name": "Sadni namaz",
    "url": "",
    "result_class": "product",
    "type": "product",
    "product_id": 10082715,
    "erp_number": "10082715",
    "item_id": 10082715,
    "full_title": "ALPENFEST Sadni namaz",
    "title": "Sadni namaz",
    "category": "Food",
    "product_type": "RETAIL",
    "age_restriction": false,
    "is_used_product": false,
    "multipack": false,
    "online": false,
    "store": false,
    "quick_add_to_cart": false,
    "flash_sales": false,
    "having_videos": false,
    "having_threesixty": false,
    "price": 2.49,
    "old_price": 0.0,
    "currency_code": "EUR",
    "currency_symbol": "€",
    "has_star": true,
    "has_vat": false,
    "price_theme": "white_red",
    "variants_have_different_prices": false,
    "base_price_text": "1 kg = 5.53",
    "base_price_prefix": false,
    "packaging_text": "450 g",
    "discount_deleted_price": null,
    "discount_text": null,
    "discount_percentage": null,
    "discount_has_star": null,
    "show_discount": null,
    "show_percentage": null,
    "from_recommended_price": null,
    "availability_indicator": 0,
    "online_available": false,
    "min_orderable_quantity": 1,
    "orderable_quantities": [],
    "badge_texts": [
      "od 14.07. v trgovini"
    ],
    "badge_types": [
      "IN_STORE_FROM_DATE_FUTURE"
    ],
    "main_image": "https://imgproxy-retcat.assets.schwarz/WiMzYQf5EN0GvkW8fxXFYppRWE2zhpedL-YwF_tQaCU/sm:1/w:427/h:320/cz/M6Ly9wcm9kLWNhd/GFsb2ctbWVkaWEvc2kvMS9DMEMzQTkyMENFMzdBNDUzNzFDQzBEQ0Y/2RDFBNjY4RTc1QTQ5RDBEQ0M3RUNEMTBDOTc1MzVBQ0Y0OTQxMEYxLmpwZw.jpg",
    "image_list": [
      "https://imgproxy-retcat.assets.schwarz/WiMzYQf5EN0GvkW8fxXFYppRWE2zhpedL-YwF_tQaCU/sm:1/w:427/h:320/cz/M6Ly9wcm9kLWNhd/GFsb2ctbWVkaWEvc2kvMS9DMEMzQTkyMENFMzdBNDUzNzFDQzBEQ0Y/2RDFBNjY4RTc1QTQ5RDBEQ0M3RUNEMTBDOTc1MzVBQ0Y0OTQxMEYxLmpwZw.jpg",
      "https://imgproxy-retcat.assets.schwarz/7eOeuHTcr3cLkg2gSSZocXPfAd17TTQbNTeZ1zduGWg/sm:1/w:427/h:320/cz/M6Ly9wcm9kLWNhd/GFsb2ctbWVkaWEvc2kvMS85NENDMjczRUVFQTEwOUFGQ0Y4QUE1NTM/xMzA3NkVGMkJCRUEzRjE3NzE3MTRDODhFQjUwRDJGQzlCMTM4QzczLmpwZw.jpg",
      "https://imgproxy-retcat.assets.schwarz/t56x4_jny4xuuy9-92XVOzjJ786qaQU8Pcs41tiPZxg/sm:1/w:427/h:320/cz/M6Ly9wcm9kLWNhd/GFsb2ctbWVkaWEvc2kvMS80MEFFMzQ3RkU2RDM3N0FBODgwOUQzMTM/xQ0IxNEU4RUYxMEEyRUVCNDc3RDdDNzU0NTM0NkZCNzdCRTcwNjdCLmpwZw.jpg"
    ],
    "image_accessibility": "Dva kozarca marmelade Smucker's Extra Jam.",
    "detailed_images": [
      {
        "url": "https://imgproxy-retcat.assets.schwarz/WiMzYQf5EN0GvkW8fxXFYppRWE2zhpedL-YwF_tQaCU/sm:1/w:427/h:320/cz/M6Ly9wcm9kLWNhd/GFsb2ctbWVkaWEvc2kvMS9DMEMzQTkyMENFMzdBNDUzNzFDQzBEQ0Y/2RDFBNjY4RTc1QTQ5RDBEQ0M3RUNEMTBDOTc1MzVBQ0Y0OTQxMEYxLmpwZw.jpg",
        "accessibility": "Dva kozarca marmelade Smucker's Extra Jam."
      },
      {
        "url": "https://imgproxy-retcat.assets.schwarz/7eOeuHTcr3cLkg2gSSZocXPfAd17TTQbNTeZ1zduGWg/sm:1/w:427/h:320/cz/M6Ly9wcm9kLWNhd/GFsb2ctbWVkaWEvc2kvMS85NENDMjczRUVFQTEwOUFGQ0Y4QUE1NTM/xMzA3NkVGMkJCRUEzRjE3NzE3MTRDODhFQjUwRDJGQzlCMTM4QzczLmpwZw.jpg",
        "accessibility": "Kozarček Smucker's Extra džema."
      },
      {
        "url": "https://imgproxy-retcat.assets.schwarz/t56x4_jny4xuuy9-92XVOzjJ786qaQU8Pcs41tiPZxg/sm:1/w:427/h:320/cz/M6Ly9wcm9kLWNhd/GFsb2ctbWVkaWEvc2kvMS80MEFFMzQ3RkU2RDM3N0FBODgwOUQzMTM/xQ0IxNEU4RUYxMEEyRUVCNDc3RDdDNzU0NTM0NkZCNzdCRTcwNjdCLmpwZw.jpg",
        "accessibility": "Kozarček marmelade First Choice z ekstra jagodami."
      }
    ],
    "analytics_category": "Food",
    "more_details": "Dodatne podrobnosti o izdelku",
    "won_category_primary": "Svetovi potreb/Hrana in bližnja hrana/Džem, marmelada in med",
    "won_category_primary_path": "0/17/1712",
    "canonical_path": "/p/alpenfest-sadni-namaz/p10082715",
    "canonical_url": "/p/alpenfest-sadni-namaz/p10082715",
    "awards": [],
    "seals": [],
    "ribbons": [],
    "highlighted_seals": 0,
    "lidl_plus": [],
    "regions": [],
    "ians": [
      "120762"
    ],
    "show_brand": true,
    "deal_of_day_active": false,
    "full_title_meta": "ALPENFEST Sadni namaz",
    "lists": [
      4991
    ],
    "preview": false,
    "category_breadcrumbs": [
      {
        "id": "10068374",
        "name": "Hrana in pijača",
        "url": "/c/hrana-in-pijaca/s10068374",
        "hidden": false
      },
      {
        "id": "10071684",
        "name": "Džemi in namazi",
        "url": "/h/dzemi-in-namazi/h10071684",
        "hidden": false
      }
    ],
    "campaigns": [
      {
        "id": "Next_Sales_Week",
        "name": "Naslednji teden",
        "url": null,
        "hidden": false
      },
      {
        "id": "10075265",
        "name": "Navdih Alp",
        "url": "/c/navdih-alp/a10075265",
        "hidden": false
      }
    ],
    "world_of_needs_code": "1712",
    "world_of_needs_name": "Džem, marmelada in med",
    "world_of_needs_parent": "17",
    "is_main_category": true,
    "super_categories": [
      {
        "code": "17",
        "name": "Hrana in bližnja hrana",
        "parent": "0"
      },
      {
        "code": "0",
        "name": "Svetovi potreb",
        "parent": ""
      }
    ],
    "position": 95,
    "tracking_payload": {
      "searchTrackingMasterId": "Product.10082715",
      "searchTrackingTitle": "Sadni+namaz",
      "searchTrackingPageSize": 100,
      "searchTrackingPage": 1,
      "searchTrackingEvent": "click",
      "list": "search",
      "searchTrackingId": "Product.10082715",
      "searchTrackingOrigPos": 1,
      "searchTrackingPos": 95,
      "searchTrackingOrigPageSize": 100,
      "searchTrackingChannel": "SI",
      "category": "Food"
    }
  },
  {
    "code": "10082717",
    "name": "Gumijevi bonboni, 1,2 kg",
    "url": "",
    "result_class": "product",
    "type": "product",
    "product_id": 10082717,
    "erp_number": "10082717",
    "item_id": 10082717,
    "full_title": "ALPENFEST Gumijevi bonboni, 1,2 kg",
    "title": "Gumijevi bonboni,  1,2 kg",
    "category": "Food",
    "product_type": "RETAIL",
    "age_restriction": false,
    "is_used_product": false,
    "multipack": false,
    "online": false,
    "store": false,
    "quick_add_to_cart": false,
    "flash_sales": false,
    "having_videos": false,
    "having_threesixty": false,
    "price": 4.99,
    "old_price": 0.0,
    "currency_code": "EUR",
    "currency_symbol": "€",
    "has_star": true,
    "has_vat": false,
    "price_theme": "white_red",
    "variants_have_different_prices": false,
    "base_price_text": "1 kg = 4.16",
    "base_price_prefix": false,
    "packaging_text": "1200 g",
    "discount_deleted_price": null,
    "discount_text": null,
    "discount_percentage": null,
    "discount_has_star": null,
    "show_discount": null,
    "show_percentage": null,
    "from_recommended_price": null,
    "availability_indicator": 0,
    "online_available": false,
    "min_orderable_quantity": 1,
    "orderable_quantities": [],
    "badge_texts": [
      "od 14.07. v trgovini"
    ],
    "badge_types": [
      "IN_STORE_FROM_DATE_FUTURE"
    ],
    "main_image": "https://imgproxy-retcat.assets.schwarz/PWekYTVW5fu7aLOi9hPQsoFqUrXufqkeEnJUa_9EFKI/sm:1/w:427/h:320/cz/M6Ly9wcm9kLWNhd/GFsb2ctbWVkaWEvc2kvMS82ODZCN0Q3OTg1MTc2Q0QxOTUxMjJDNkZ/GNEMyOTA1NDQ2NUM0Q0FCMkI5QzI4NzQ2RUJERTczNzk0NjhBODVGLmpwZw.jpg",
    "image_list": [
      "https://imgproxy-retcat.assets.schwarz/PWekYTVW5fu7aLOi9hPQsoFqUrXufqkeEnJUa_9EFKI/sm:1/w:427/h:320/cz/M6Ly9wcm9kLWNhd/GFsb2ctbWVkaWEvc2kvMS82ODZCN0Q3OTg1MTc2Q0QxOTUxMjJDNkZ/GNEMyOTA1NDQ2NUM0Q0FCMkI5QzI4NzQ2RUJERTczNzk0NjhBODVGLmpwZw.jpg"
    ],
    "image_accessibility": "Mešani Alpenfest sirni prigrizki v obliki zvezdic in srčkov.",
    "detailed_images": [
      {
        "url": "https://imgproxy-retcat.assets.schwarz/PWekYTVW5fu7aLOi9hPQsoFqUrXufqkeEnJUa_9EFKI/sm:1/w:427/h:320/cz/M6Ly9wcm9kLWNhd/GFsb2ctbWVkaWEvc2kvMS82ODZCN0Q3OTg1MTc2Q0QxOTUxMjJDNkZ/GNEMyOTA1NDQ2NUM0Q0FCMkI5QzI4NzQ2RUJERTczNzk0NjhBODVGLmpwZw.jpg",
        "accessibility": "Mešani Alpenfest sirni prigrizki v obliki zvezdic in srčkov."
      }
    ],
    "analytics_category": "Food",
    "more_details": "Dodatne podrobnosti o izdelku",
    "won_category_primary": "Svetovi potreb/Hrana in bližnja hrana/Prigrizki in slaščice",
    "won_category_primary_path": "0/17/1721",
    "canonical_path": "/p/alpenfest-gumijevi-bonboni-1-2-kg/p10082717",
    "canonical_url": "/p/alpenfest-gumijevi-bonboni-1-2-kg/p10082717",
    "awards": [],
    "seals": [],
    "ribbons": [],
    "highlighted_seals": 0,
    "lidl_plus": [],
    "regions": [],
    "ians": [
      "137595"
    ],
    "show_brand": true,
    "deal_of_day_active": false,
    "full_title_meta": "ALPENFEST Gumijevi bonboni, 1,2 kg",
    "lists": [
      4991
    ],
    "preview": false,
    "category_breadcrumbs": [
      {
        "id": "10068374",
        "name": "Hrana in pijača",
        "url": "/c/hrana-in-pijaca/s10068374",
        "hidden": false
      },
      {
        "id": "10071044",
        "name": "Prigrizki in sladkarije",
        "url": "/h/prigrizki-in-sladkarije/h10071044",
        "hidden": false
      }
    ],
    "campaigns": [
      {
        "id": "Next_Sales_Week",
        "name": "Naslednji teden",
        "url": null,
        "hidden": false
      },
      {
        "id": "10075265",
        "name": "Navdih Alp",
        "url": "/c/navdih-alp/a10075265",
        "hidden": false
      }
    ],
    "world_of_needs_code": "1721",
    "world_of_needs_name": "Prigrizki in slaščice",
    "world_of_needs_parent": "17",
    "is_main_category": true,
    "super_categories": [
      {
        "code": "17",
        "name": "Hrana in bližnja hrana",
        "parent": "0"
      },
      {
        "code": "0",
        "name": "Svetovi potreb",
        "parent": ""
      }
    ],
    "position": 96,
    "tracking_payload": {
      "searchTrackingMasterId": "Product.10082717",
      "searchTrackingTitle": "Gumijevi+bonboni%2C+1%2C2+kg",
      "searchTrackingPageSize": 100,
      "searchTrackingPage": 1,
      "searchTrackingEvent": "click",
      "list": "search",
      "searchTrackingId": "Product.10082717",
      "searchTrackingOrigPos": 1,
      "searchTrackingPos": 96,
      "searchTrackingOrigPageSize": 100,
      "searchTrackingChannel": "SI",
      "category": "Food"
    }
  },
  {
    "code": "10082719",
    "name": "Desert z okusom jabolčnega zavitka",
    "url": "",
    "result_class": "product",
    "type": "product",
    "product_id": 10082719,
    "erp_number": "10082719",
    "item_id": 10082719,
    "full_title": "ALPENFEST Desert z okusom jabolčnega zavitka",
    "title": "Desert z okusom jabolčnega zavitka",
    "category": "Food",
    "product_type": "RETAIL",
    "age_restriction": false,
    "is_used_product": false,
    "multipack": false,
    "online": false,
    "store": false,
    "quick_add_to_cart": false,
    "flash_sales": false,
    "having_videos": false,
    "having_threesixty": false,
    "price": 1.99,
    "old_price": 0.0,
    "currency_code": "EUR",
    "currency_symbol": "€",
    "has_star": true,
    "has_vat": false,
    "price_theme": "white_red",
    "variants_have_different_prices": false,
    "base_price_text": "1 kg = 16.58",
    "base_price_prefix": false,
    "packaging_text": "120 g (2 x 60 g)",
    "discount_deleted_price": null,
    "discount_text": null,
    "discount_percentage": null,
    "discount_has_star": null,
    "show_discount": null,
    "show_percentage": null,
    "from_recommended_price": null,
    "availability_indicator": 0,
    "online_available": false,
    "min_orderable_quantity": 1,
    "orderable_quantities": [],
    "badge_texts": [
      "od 14.07. v trgovini"
    ],
    "badge_types": [
      "IN_STORE_FROM_DATE_FUTURE"
    ],
    "main_image": "https://imgproxy-retcat.assets.schwarz/B7hnQKSqhKptvAdu0zc_phkPrGxLh71tJeHBJOFcVoQ/sm:1/w:427/h:320/cz/M6Ly9wcm9kLWNhd/GFsb2ctbWVkaWEvc2kvMS9CNzY4RTAzMzVDQjNDRkNFMDg3ODZGNjM/1NTgxRkM5QTE2RDE3Q0Q4RTkzNjBDNEJCNzRDQjhFNjM5RUNBMUNELmpwZw.jpg",
    "image_list": [
      "https://imgproxy-retcat.assets.schwarz/B7hnQKSqhKptvAdu0zc_phkPrGxLh71tJeHBJOFcVoQ/sm:1/w:427/h:320/cz/M6Ly9wcm9kLWNhd/GFsb2ctbWVkaWEvc2kvMS9CNzY4RTAzMzVDQjNDRkNFMDg3ODZGNjM/1NTgxRkM5QTE2RDE3Q0Q4RTkzNjBDNEJCNzRDQjhFNjM5RUNBMUNELmpwZw.jpg"
    ],
    "image_accessibility": "Paket Alpina Fest jogurtov z okusom jabolčnega štrudla.",
    "detailed_images": [
      {
        "url": "https://imgproxy-retcat.assets.schwarz/B7hnQKSqhKptvAdu0zc_phkPrGxLh71tJeHBJOFcVoQ/sm:1/w:427/h:320/cz/M6Ly9wcm9kLWNhd/GFsb2ctbWVkaWEvc2kvMS9CNzY4RTAzMzVDQjNDRkNFMDg3ODZGNjM/1NTgxRkM5QTE2RDE3Q0Q4RTkzNjBDNEJCNzRDQjhFNjM5RUNBMUNELmpwZw.jpg",
        "accessibility": "Paket Alpina Fest jogurtov z okusom jabolčnega štrudla."
      }
    ],
    "analytics_category": "Food",
    "more_details": "Dodatne podrobnosti o izdelku",
    "won_category_primary": "Svetovi potreb/Hrana in bližnja hrana/Prigrizki in slaščice",
    "won_category_primary_path": "0/17/1721",
    "canonical_path": "/p/alpenfest-desert-z-okusom-jabolcnega-zavitka/p10082719",
    "canonical_url": "/p/alpenfest-desert-z-okusom-jabolcnega-zavitka/p10082719",
    "awards": [],
    "seals": [
      {
        "altText": "Nalepka: Hlajeno",
        "image": "https://imgproxy-retcat.assets.schwarz/7x3Iby7aD19hFySDnP2YoXt7E1r0JrvJVj0QO1gUOes/sm:1/w:140/cz/M6Ly9wcm9kLWNhd/GFsb2ctbWVkaWEvc2kvMi8xMzFBN0E2RDlCREZGREQxOEE2OTFDNEZ/FNDE5RTM0QUMxQjY4OEQ0OUY2QTAxMTRDRjQ1RjdCNTNDRjM2NUJBLnBuZw.png"
      }
    ],
    "ribbons": [],
    "highlighted_seals": 0,
    "lidl_plus": [],
    "regions": [],
    "ians": [
      "7408867"
    ],
    "show_brand": true,
    "deal_of_day_active": false,
    "full_title_meta": "ALPENFEST Desert z okusom jabolčnega zavitka",
    "lists": [
      4991
    ],
    "preview": false,
    "category_breadcrumbs": [
      {
        "id": "10068374",
        "name": "Hrana in pijača",
        "url": "/c/hrana-in-pijaca/s10068374",
        "hidden": false
      },
      {
        "id": "10071044",
        "name": "Prigrizki in sladkarije",
        "url": "/h/prigrizki-in-sladkarije/h10071044",
        "hidden": false
      }
    ],
    "campaigns": [
      {
        "id": "Next_Sales_Week",
        "name": "Naslednji teden",
        "url": null,
        "hidden": false
      },
      {
        "id": "10075265",
        "name": "Navdih Alp",
        "url": "/c/navdih-alp/a10075265",
        "hidden": false
      }
    ],
    "world_of_needs_code": "1721",
    "world_of_needs_name": "Prigrizki in slaščice",
    "world_of_needs_parent": "17",
    "is_main_category": true,
    "super_categories": [
      {
        "code": "17",
        "name": "Hrana in bližnja hrana",
        "parent": "0"
      },
      {
        "code": "0",
        "name": "Svetovi potreb",
        "parent": ""
      }
    ],
    "position": 97,
    "tracking_payload": {
      "searchTrackingMasterId": "Product.10082719",
      "searchTrackingTitle": "Desert+z+okusom+jabol%C4%8Dnega+zavitka",
      "searchTrackingPageSize": 100,
      "searchTrackingPage": 1,
      "searchTrackingEvent": "click",
      "list": "search",
      "searchTrackingId": "Product.10082719",
      "searchTrackingOrigPos": 1,
      "searchTrackingPos": 97,
      "searchTrackingOrigPageSize": 100,
      "searchTrackingChannel": "SI",
      "category": "Food"
    }
  },
  {
    "code": "10082723",
    "name": "Pecivo iz kvašenega testa",
    "url": "",
    "result_class": "product",
    "type": "product",
    "product_id": 10082723,
    "erp_number": "10082723",
    "item_id": 10082723,
    "full_title": "ALPENFEST Pecivo iz kvašenega testa",
    "title": "Pecivo iz kvašenega testa",
    "category": "Food",
    "product_type": "RETAIL",
    "age_restriction": false,
    "is_used_product": false,
    "multipack": false,
    "online": false,
    "store": false,
    "quick_add_to_cart": false,
    "flash_sales": false,
    "having_videos": false,
    "having_threesixty": false,
    "price": 2.79,
    "old_price": 0.0,
    "currency_code": "EUR",
    "currency_symbol": "€",
    "has_star": true,
    "has_vat": false,
    "price_theme": "white_red",
    "variants_have_different_prices": false,
    "base_price_text": "1 kg = 6.20",
    "base_price_prefix": false,
    "packaging_text": "450 g",
    "discount_deleted_price": null,
    "discount_text": null,
    "discount_percentage": null,
    "discount_has_star": null,
    "show_discount": null,
    "show_percentage": null,
    "from_recommended_price": null,
    "availability_indicator": 0,
    "online_available": false,
    "min_orderable_quantity": 1,
    "orderable_quantities": [],
    "badge_texts": [
      "od 14.07. v trgovini"
    ],
    "badge_types": [
      "IN_STORE_FROM_DATE_FUTURE"
    ],
    "main_image": "https://imgproxy-retcat.assets.schwarz/9VGkDbUYr9q90zZDfXxQTb4nwKVLdUqvfEaIp7yqNnU/sm:1/w:427/h:320/cz/M6Ly9wcm9kLWNhd/GFsb2ctbWVkaWEvc2kvMS9EQTNFNDlCODlFMzk0MTJCRkEzNDAwQjg/yQjlCQ0MyNTcwQThERURGQUI5NDkxMTM1NEY1MjJDREJGMEEyRkQwLmpwZw.jpg",
    "image_list": [
      "https://imgproxy-retcat.assets.schwarz/9VGkDbUYr9q90zZDfXxQTb4nwKVLdUqvfEaIp7yqNnU/sm:1/w:427/h:320/cz/M6Ly9wcm9kLWNhd/GFsb2ctbWVkaWEvc2kvMS9EQTNFNDlCODlFMzk0MTJCRkEzNDAwQjg/yQjlCQ0MyNTcwQThERURGQUI5NDkxMTM1NEY1MjJDREJGMEEyRkQwLmpwZw.jpg",
      "https://imgproxy-retcat.assets.schwarz/tSLTr9ci1WDHHVb3a-vO4Knab-L6O9UcJo91s_4aQLI/sm:1/w:427/h:320/cz/M6Ly9wcm9kLWNhd/GFsb2ctbWVkaWEvc2kvMS8xOTRFNEZFNUMxQTY5RDVCMDBDMTdBN0N/EQkE3RjJFQjJFRjE5N0VCRThBRTg2Mjg2MDRGMTlERkNFRDBENzY4LmpwZw.jpg",
      "https://imgproxy-retcat.assets.schwarz/orHncogD9APSnRpnm4u5SZVf2KCyotHl7avZgZ1WSYQ/sm:1/w:427/h:320/cz/M6Ly9wcm9kLWNhd/GFsb2ctbWVkaWEvc2kvMS8yMjZBMjNGNEYyODg0MjFCRDA3NkJCMDk/3OUUxNkVFNjJGRkIyMDBEMDE1OTdEMDE0QzE5MDM3MzQwN0MwODBDLmpwZw.jpg"
    ],
    "image_accessibility": "Dva paketa pekarskih izdelkov Frige, eden z jagodami in čokolado, drugi z oreščki.",
    "detailed_images": [
      {
        "url": "https://imgproxy-retcat.assets.schwarz/9VGkDbUYr9q90zZDfXxQTb4nwKVLdUqvfEaIp7yqNnU/sm:1/w:427/h:320/cz/M6Ly9wcm9kLWNhd/GFsb2ctbWVkaWEvc2kvMS9EQTNFNDlCODlFMzk0MTJCRkEzNDAwQjg/yQjlCQ0MyNTcwQThERURGQUI5NDkxMTM1NEY1MjJDREJGMEEyRkQwLmpwZw.jpg",
        "accessibility": "Dva paketa pekarskih izdelkov Frige, eden z jagodami in čokolado, drugi z oreščki."
      },
      {
        "url": "https://imgproxy-retcat.assets.schwarz/tSLTr9ci1WDHHVb3a-vO4Knab-L6O9UcJo91s_4aQLI/sm:1/w:427/h:320/cz/M6Ly9wcm9kLWNhd/GFsb2ctbWVkaWEvc2kvMS8xOTRFNEZFNUMxQTY5RDVCMDBDMTdBN0N/EQkE3RjJFQjJFRjE5N0VCRThBRTg2Mjg2MDRGMTlERkNFRDBENzY4LmpwZw.jpg",
        "accessibility": "Paket z drobljivim orehovim kruhom znamke Vogel."
      },
      {
        "url": "https://imgproxy-retcat.assets.schwarz/orHncogD9APSnRpnm4u5SZVf2KCyotHl7avZgZ1WSYQ/sm:1/w:427/h:320/cz/M6Ly9wcm9kLWNhd/GFsb2ctbWVkaWEvc2kvMS8yMjZBMjNGNEYyODg0MjFCRDA3NkJCMDk/3OUUxNkVFNjJGRkIyMDBEMDE1OTdEMDE0QzE5MDM3MzQwN0MwODBDLmpwZw.jpg",
        "accessibility": "Paket Delice pekovskega izdelka z oreščki in čokolado."
      }
    ],
    "analytics_category": "Food",
    "more_details": "Dodatne podrobnosti o izdelku",
    "won_category_primary": "Svetovi potreb/Hrana in bližnja hrana/Kruh in pekovsko pecivo",
    "won_category_primary_path": "0/17/1713",
    "canonical_path": "/p/alpenfest-pecivo-iz-kvasenega-testa/p10082723",
    "canonical_url": "/p/alpenfest-pecivo-iz-kvasenega-testa/p10082723",
    "awards": [],
    "seals": [],
    "ribbons": [],
    "highlighted_seals": 0,
    "lidl_plus": [],
    "regions": [],
    "ians": [
      "116632"
    ],
    "show_brand": true,
    "deal_of_day_active": false,
    "full_title_meta": "ALPENFEST Pecivo iz kvašenega testa",
    "lists": [
      4991
    ],
    "preview": false,
    "category_breadcrumbs": [
      {
        "id": "10068374",
        "name": "Hrana in pijača",
        "url": "/c/hrana-in-pijaca/s10068374",
        "hidden": false
      },
      {
        "id": "10071015",
        "name": "Kruh in pekovski izdelki",
        "url": "/h/kruh-in-pekovski-izdelki/h10071015",
        "hidden": false
      }
    ],
    "campaigns": [
      {
        "id": "Next_Sales_Week",
        "name": "Naslednji teden",
        "url": null,
        "hidden": false
      },
      {
        "id": "10075265",
        "name": "Navdih Alp",
        "url": "/c/navdih-alp/a10075265",
        "hidden": false
      }
    ],
    "world_of_needs_code": "1713",
    "world_of_needs_name": "Kruh in pekovsko pecivo",
    "world_of_needs_parent": "17",
    "is_main_category": true,
    "super_categories": [
      {
        "code": "17",
        "name": "Hrana in bližnja hrana",
        "parent": "0"
      },
      {
        "code": "0",
        "name": "Svetovi potreb",
        "parent": ""
      }
    ],
    "position": 98,
    "tracking_payload": {
      "searchTrackingMasterId": "Product.10082723",
      "searchTrackingTitle": "Pecivo+iz+kva%C5%A1enega+testa",
      "searchTrackingPageSize": 100,
      "searchTrackingPage": 1,
      "searchTrackingEvent": "click",
      "list": "search",
      "searchTrackingId": "Product.10082723",
      "searchTrackingOrigPos": 1,
      "searchTrackingPos": 98,
      "searchTrackingOrigPageSize": 100,
      "searchTrackingChannel": "SI",
      "category": "Food"
    }
  },
  {
    "code": "10082727",
    "name": "Sladoled",
    "url": "",
    "result_class": "product",
    "type": "product",
    "product_id": 10082727,
    "erp_number": "10082727",
    "item_id": 10082727,
    "full_title": "ALPENFEST Sladoled",
    "title": "Sladoled",
    "category": "Food",
    "product_type": "RETAIL",
    "age_restriction": false,
    "is_used_product": false,
    "multipack": false,
    "online": false,
    "store": false,
    "quick_add_to_cart": false,
    "flash_sales": false,
    "having_videos": false,
    "having_threesixty": false,
    "price": 2.79,
    "old_price": 0.0,
    "currency_code": "EUR",
    "currency_symbol": "€",
    "has_star": true,
    "has_vat": false,
    "price_theme": "white_red",
    "variants_have_different_prices": false,
    "base_price_text": "1 l = 3.10",
    "base_price_prefix": false,
    "packaging_text": "900 ml",
    "discount_deleted_price": null,
    "discount_text": null,
    "discount_percentage": null,
    "discount_has_star": null,
    "show_discount": null,
    "show_percentage": null,
    "from_recommended_price": null,
    "availability_indicator": 0,
    "online_available": false,
    "min_orderable_quantity": 1,
    "orderable_quantities": [],
    "badge_texts": [
      "od 14.07. v trgovini"
    ],
    "badge_types": [
      "IN_STORE_FROM_DATE_FUTURE"
    ],
    "main_image": "https://imgproxy-retcat.assets.schwarz/z7q65efSoaE5nRc7f7jtMaOi1SEXl7ZgHpXfZbCp5U0/sm:1/w:427/h:320/cz/M6Ly9wcm9kLWNhd/GFsb2ctbWVkaWEvc2kvMS8zRjUwNkIyNjAxRkRFQjJCRjU3QkRDQTA/wQTAxMDA3MEEzMURBMjM3OUZEMzBBMThGQzNFODNEREJBQzAyMTlCLmpwZw.jpg",
    "image_list": [
      "https://imgproxy-retcat.assets.schwarz/z7q65efSoaE5nRc7f7jtMaOi1SEXl7ZgHpXfZbCp5U0/sm:1/w:427/h:320/cz/M6Ly9wcm9kLWNhd/GFsb2ctbWVkaWEvc2kvMS8zRjUwNkIyNjAxRkRFQjJCRjU3QkRDQTA/wQTAxMDA3MEEzMURBMjM3OUZEMzBBMThGQzNFODNEREJBQzAyMTlCLmpwZw.jpg",
      "https://imgproxy-retcat.assets.schwarz/_PiEl6LWZG6yiEDsP5e0WD_aNDt96Ad6EYJfowRZK80/sm:1/w:427/h:320/cz/M6Ly9wcm9kLWNhd/GFsb2ctbWVkaWEvc2kvMS9DRDJGMTZCNjI1MDlENTE0NjYzNjc0N0M/2NjYwNDA5NjgzNDlFRTRCQzBFOEREMDcyRjc0QTc5NDgzQUJBNjZCLmpwZw.jpg",
      "https://imgproxy-retcat.assets.schwarz/Ue95G535dr46KmQ3IaKG3qhrUff64aB_AOK0suoLRbk/sm:1/w:427/h:320/cz/M6Ly9wcm9kLWNhd/GFsb2ctbWVkaWEvc2kvMS8xM0JBQTc3RTExMEY2OTkxN0Q4OTJFNTM/xMDk4NzEzQ0MwQURBNzRBOUI3RTNDMUM1QkZGMzdGODE3QzI2NzhGLmpwZw.jpg"
    ],
    "image_accessibility": "Dve posodi sladoleda Nuii: čokoladni in vanilijev z oreščki.",
    "detailed_images": [
      {
        "url": "https://imgproxy-retcat.assets.schwarz/z7q65efSoaE5nRc7f7jtMaOi1SEXl7ZgHpXfZbCp5U0/sm:1/w:427/h:320/cz/M6Ly9wcm9kLWNhd/GFsb2ctbWVkaWEvc2kvMS8zRjUwNkIyNjAxRkRFQjJCRjU3QkRDQTA/wQTAxMDA3MEEzMURBMjM3OUZEMzBBMThGQzNFODNEREJBQzAyMTlCLmpwZw.jpg",
        "accessibility": "Dve posodi sladoleda Nuii: čokoladni in vanilijev z oreščki."
      },
      {
        "url": "https://imgproxy-retcat.assets.schwarz/_PiEl6LWZG6yiEDsP5e0WD_aNDt96Ad6EYJfowRZK80/sm:1/w:427/h:320/cz/M6Ly9wcm9kLWNhd/GFsb2ctbWVkaWEvc2kvMS9DRDJGMTZCNjI1MDlENTE0NjYzNjc0N0M/2NjYwNDA5NjgzNDlFRTRCQzBFOEREMDcyRjc0QTc5NDgzQUJBNjZCLmpwZw.jpg",
        "accessibility": "Torte s sladoledom vanilije in karamele."
      },
      {
        "url": "https://imgproxy-retcat.assets.schwarz/Ue95G535dr46KmQ3IaKG3qhrUff64aB_AOK0suoLRbk/sm:1/w:427/h:320/cz/M6Ly9wcm9kLWNhd/GFsb2ctbWVkaWEvc2kvMS8xM0JBQTc3RTExMEY2OTkxN0Q4OTJFNTM/xMDk4NzEzQ0MwQURBNzRBOUI3RTNDMUM1QkZGMzdGODE3QzI2NzhGLmpwZw.jpg",
        "accessibility": "Nestlé Fèt's hazelnut ice cream in an oval container."
      }
    ],
    "analytics_category": "Food",
    "more_details": "Dodatne podrobnosti o izdelku",
    "won_category_primary": "Svetovi potreb/Hrana in bližnja hrana/Prigrizki in slaščice",
    "won_category_primary_path": "0/17/1721",
    "canonical_path": "/p/alpenfest-sladoled/p10082727",
    "canonical_url": "/p/alpenfest-sladoled/p10082727",
    "awards": [],
    "seals": [],
    "ribbons": [],
    "highlighted_seals": 0,
    "lidl_plus": [],
    "regions": [],
    "ians": [
      "130906"
    ],
    "show_brand": true,
    "deal_of_day_active": false,
    "full_title_meta": "ALPENFEST Sladoled",
    "lists": [
      4991
    ],
    "preview": false,
    "category_breadcrumbs": [
      {
        "id": "10068374",
        "name": "Hrana in pijača",
        "url": "/c/hrana-in-pijaca/s10068374",
        "hidden": false
      },
      {
        "id": "10071044",
        "name": "Prigrizki in sladkarije",
        "url": "/h/prigrizki-in-sladkarije/h10071044",
        "hidden": false
      }
    ],
    "campaigns": [
      {
        "id": "Next_Sales_Week",
        "name": "Naslednji teden",
        "url": null,
        "hidden": false
      },
      {
        "id": "10075265",
        "name": "Navdih Alp",
        "url": "/c/navdih-alp/a10075265",
        "hidden": false
      }
    ],
    "world_of_needs_code": "1721",
    "world_of_needs_name": "Prigrizki in slaščice",
    "world_of_needs_parent": "17",
    "is_main_category": true,
    "super_categories": [
      {
        "code": "17",
        "name": "Hrana in bližnja hrana",
        "parent": "0"
      },
      {
        "code": "0",
        "name": "Svetovi potreb",
        "parent": ""
      }
    ],
    "position": 99,
    "tracking_payload": {
      "searchTrackingMasterId": "Product.10082727",
      "searchTrackingTitle": "Sladoled",
      "searchTrackingPageSize": 100,
      "searchTrackingPage": 1,
      "searchTrackingEvent": "click",
      "list": "search",
      "searchTrackingId": "Product.10082727",
      "searchTrackingOrigPos": 1,
      "searchTrackingPos": 99,
      "searchTrackingOrigPageSize": 100,
      "searchTrackingChannel": "SI",
      "category": "Food"
    }
  },
  {
    "code": "10082729",
    "name": "Karamelizirani oreščki",
    "url": "",
    "result_class": "product",
    "type": "product",
    "product_id": 10082729,
    "erp_number": "10082729",
    "item_id": 10082729,
    "full_title": "ALPENFEST Karamelizirani oreščki",
    "title": "Karamelizirani oreščki",
    "category": "Food",
    "product_type": "RETAIL",
    "age_restriction": false,
    "is_used_product": false,
    "multipack": false,
    "online": false,
    "store": false,
    "quick_add_to_cart": false,
    "flash_sales": false,
    "having_videos": false,
    "having_threesixty": false,
    "price": 2.29,
    "old_price": 0.0,
    "currency_code": "EUR",
    "currency_symbol": "€",
    "has_star": true,
    "has_vat": false,
    "price_theme": "white_red",
    "variants_have_different_prices": false,
    "base_price_text": "1 kg = 11.45",
    "base_price_prefix": false,
    "packaging_text": "200 g",
    "discount_deleted_price": null,
    "discount_text": null,
    "discount_percentage": null,
    "discount_has_star": null,
    "show_discount": null,
    "show_percentage": null,
    "from_recommended_price": null,
    "availability_indicator": 0,
    "online_available": false,
    "min_orderable_quantity": 1,
    "orderable_quantities": [],
    "badge_texts": [
      "od 14.07. v trgovini"
    ],
    "badge_types": [
      "IN_STORE_FROM_DATE_FUTURE"
    ],
    "main_image": "https://imgproxy-retcat.assets.schwarz/qRgvscGdInDxBGSiFkXXUywebdZTOvHB2Ul5-hxiM0I/sm:1/w:427/h:320/cz/M6Ly9wcm9kLWNhd/GFsb2ctbWVkaWEvc2kvMS8zNkRDMjRFQkQ1MEFFNzBFQURCMjY0MjV/ENDRBOEI5MUQxQzQwQTI2Q0QwMTdGRDMzRjlDMzhCNEM3NUY4RkNCLmpwZw.jpg",
    "image_list": [
      "https://imgproxy-retcat.assets.schwarz/qRgvscGdInDxBGSiFkXXUywebdZTOvHB2Ul5-hxiM0I/sm:1/w:427/h:320/cz/M6Ly9wcm9kLWNhd/GFsb2ctbWVkaWEvc2kvMS8zNkRDMjRFQkQ1MEFFNzBFQURCMjY0MjV/ENDRBOEI5MUQxQzQwQTI2Q0QwMTdGRDMzRjlDMzhCNEM3NUY4RkNCLmpwZw.jpg",
      "https://imgproxy-retcat.assets.schwarz/uY93exRsofhNin0CzcMBLkyrOzPbyvzYgV2CtC-GGzM/sm:1/w:427/h:320/cz/M6Ly9wcm9kLWNhd/GFsb2ctbWVkaWEvc2kvMS85NzFBNUM5MkVFQ0YyMjNCQ0EyRTA5MjM/4OTJBMDEyNjZCRTgxMDBDRDI4RjZCRjdBQkUzNTNDQjBCMTRCRjY2LmpwZw.jpg",
      "https://imgproxy-retcat.assets.schwarz/L0iOFbNywKfqZUShS0_HrdN5cL5ySAGnIgdyGfzeYdA/sm:1/w:427/h:320/cz/M6Ly9wcm9kLWNhd/GFsb2ctbWVkaWEvc2kvMS9BNEI5RTZFOUFDOUI1MTRFQjNDNkZGMER/EMEQ0QUZDQ0U0NUVERUIxQjdDRDQzOTc2Mzk5QUE3NkMxMDRBQjZELmpwZw.jpg"
    ],
    "image_accessibility": "Dve vrečki sladkarij, verjetno okusov mete in jagode, znamke Nini.",
    "detailed_images": [
      {
        "url": "https://imgproxy-retcat.assets.schwarz/qRgvscGdInDxBGSiFkXXUywebdZTOvHB2Ul5-hxiM0I/sm:1/w:427/h:320/cz/M6Ly9wcm9kLWNhd/GFsb2ctbWVkaWEvc2kvMS8zNkRDMjRFQkQ1MEFFNzBFQURCMjY0MjV/ENDRBOEI5MUQxQzQwQTI2Q0QwMTdGRDMzRjlDMzhCNEM3NUY4RkNCLmpwZw.jpg",
        "accessibility": "Dve vrečki sladkarij, verjetno okusov mete in jagode, znamke Nini."
      },
      {
        "url": "https://imgproxy-retcat.assets.schwarz/uY93exRsofhNin0CzcMBLkyrOzPbyvzYgV2CtC-GGzM/sm:1/w:427/h:320/cz/M6Ly9wcm9kLWNhd/GFsb2ctbWVkaWEvc2kvMS85NzFBNUM5MkVFQ0YyMjNCQ0EyRTA5MjM/4OTJBMDEyNjZCRTgxMDBDRDI4RjZCRjdBQkUzNTNDQjBCMTRCRjY2LmpwZw.jpg",
        "accessibility": "Paket roza sladkarij Topa v zeleni embalaži."
      },
      {
        "url": "https://imgproxy-retcat.assets.schwarz/L0iOFbNywKfqZUShS0_HrdN5cL5ySAGnIgdyGfzeYdA/sm:1/w:427/h:320/cz/M6Ly9wcm9kLWNhd/GFsb2ctbWVkaWEvc2kvMS9BNEI5RTZFOUFDOUI1MTRFQjNDNkZGMER/EMEQ0QUZDQ0U0NUVERUIxQjdDRDQzOTc2Mzk5QUE3NkMxMDRBQjZELmpwZw.jpg",
        "accessibility": "Paket piškotov Toffolo v rdeči embalaži."
      }
    ],
    "analytics_category": "Food",
    "more_details": "Dodatne podrobnosti o izdelku",
    "won_category_primary": "Svetovi potreb/Hrana in bližnja hrana/Prigrizki in slaščice",
    "won_category_primary_path": "0/17/1721",
    "canonical_path": "/p/alpenfest-karamelizirani-orescki/p10082729",
    "canonical_url": "/p/alpenfest-karamelizirani-orescki/p10082729",
    "awards": [],
    "seals": [],
    "ribbons": [],
    "highlighted_seals": 0,
    "lidl_plus": [],
    "regions": [],
    "ians": [
      "150218"
    ],
    "show_brand": true,
    "deal_of_day_active": false,
    "full_title_meta": "ALPENFEST Karamelizirani oreščki",
    "lists": [
      4991
    ],
    "preview": false,
    "category_breadcrumbs": [
      {
        "id": "10068374",
        "name": "Hrana in pijača",
        "url": "/c/hrana-in-pijaca/s10068374",
        "hidden": false
      },
      {
        "id": "10071044",
        "name": "Prigrizki in sladkarije",
        "url": "/h/prigrizki-in-sladkarije/h10071044",
        "hidden": false
      }
    ],
    "campaigns": [
      {
        "id": "Next_Sales_Week",
        "name": "Naslednji teden",
        "url": null,
        "hidden": false
      },
      {
        "id": "10075265",
        "name": "Navdih Alp",
        "url": "/c/navdih-alp/a10075265",
        "hidden": false
      }
    ],
    "world_of_needs_code": "1721",
    "world_of_needs_name": "Prigrizki in slaščice",
    "world_of_needs_parent": "17",
    "is_main_category": true,
    "super_categories": [
      {
        "code": "17",
        "name": "Hrana in bližnja hrana",
        "parent": "0"
      },
      {
        "code": "0",
        "name": "Svetovi potreb",
        "parent": ""
      }
    ],
    "position": 100,
    "tracking_payload": {
      "searchTrackingMasterId": "Product.10082729",
      "searchTrackingTitle": "Karamelizirani+ore%C5%A1%C4%8Dki",
      "searchTrackingPageSize": 100,
      "searchTrackingPage": 1,
      "searchTrackingEvent": "click",
      "list": "search",
      "searchTrackingId": "Product.10082729",
      "searchTrackingOrigPos": 1,
      "searchTrackingPos": 100,
      "searchTrackingOrigPageSize": 100,
      "searchTrackingChannel": "SI",
      "category": "Food"
    }
  },
  {
    "code": "10082731",
    "name": "Kolač z nadevom",
    "url": "",
    "result_class": "product",
    "type": "product",
    "product_id": 10082731,
    "erp_number": "10082731",
    "item_id": 10082731,
    "full_title": "ALPENFEST Kolač z nadevom",
    "title": "Kolač z nadevom",
    "category": "Food",
    "product_type": "RETAIL",
    "age_restriction": false,
    "is_used_product": false,
    "multipack": false,
    "online": false,
    "store": false,
    "quick_add_to_cart": false,
    "flash_sales": false,
    "having_videos": false,
    "having_threesixty": false,
    "price": 5.49,
    "old_price": 0.0,
    "currency_code": "EUR",
    "currency_symbol": "€",
    "has_star": true,
    "has_vat": false,
    "price_theme": "white_red",
    "variants_have_different_prices": false,
    "base_price_text": "1 kg = 4.39",
    "base_price_prefix": false,
    "packaging_text": "1250 g",
    "discount_deleted_price": null,
    "discount_text": null,
    "discount_percentage": null,
    "discount_has_star": null,
    "show_discount": null,
    "show_percentage": null,
    "from_recommended_price": null,
    "availability_indicator": 0,
    "online_available": false,
    "min_orderable_quantity": 1,
    "orderable_quantities": [],
    "badge_texts": [
      "od 14.07. v trgovini"
    ],
    "badge_types": [
      "IN_STORE_FROM_DATE_FUTURE"
    ],
    "main_image": "https://imgproxy-retcat.assets.schwarz/aeLVXl_iVPLXCbS70Ge9c240v8vrBzB_j2cHG4ngJPw/sm:1/w:427/h:320/cz/M6Ly9wcm9kLWNhd/GFsb2ctbWVkaWEvc2kvMS81NDA2MjJENThDOEUxNDJGNDhFQTQxQUF/ENTZFQ0QyQkNGRjlCQzk2Q0UzRDYzNzdBNDk5RUVGQURBQkQ3MDlGLmpwZw.jpg",
    "image_list": [
      "https://imgproxy-retcat.assets.schwarz/aeLVXl_iVPLXCbS70Ge9c240v8vrBzB_j2cHG4ngJPw/sm:1/w:427/h:320/cz/M6Ly9wcm9kLWNhd/GFsb2ctbWVkaWEvc2kvMS81NDA2MjJENThDOEUxNDJGNDhFQTQxQUF/ENTZFQ0QyQkNGRjlCQzk2Q0UzRDYzNzdBNDk5RUVGQURBQkQ3MDlGLmpwZw.jpg",
      "https://imgproxy-retcat.assets.schwarz/EbWgHUfavnsv7Ixc-FxTBVrTDgUgmzfugCGdSBoUM98/sm:1/w:427/h:320/cz/M6Ly9wcm9kLWNhd/GFsb2ctbWVkaWEvc2kvMS9CQjM5RjI0N0YyNEE0MDZGMDdDMzU2REQ/yNkUwNDdFMDUxODhCRERFREJEQjFERjk4QjRDNzJDM0FBQkM5RkZBLmpwZw.jpg",
      "https://imgproxy-retcat.assets.schwarz/uToZJYZJGsXwfzu1k1NRSCuEgQNZKyGG3Bc_tgvVOBI/sm:1/w:427/h:320/cz/M6Ly9wcm9kLWNhd/GFsb2ctbWVkaWEvc2kvMS84NTI1MzQzMzMzQjk5OTlDQzEwMEQ2NTg/xQzY1RkUzQzQ4ODg4NTgxMDVCMzY2MjJEMjcyMDM2NkRFQzRCOEVGLmpwZw.jpg"
    ],
    "image_accessibility": "Dve škatli s pripravljenimi jabolčnim in slivovim drobljencem Nestlé FRobe.",
    "detailed_images": [
      {
        "url": "https://imgproxy-retcat.assets.schwarz/aeLVXl_iVPLXCbS70Ge9c240v8vrBzB_j2cHG4ngJPw/sm:1/w:427/h:320/cz/M6Ly9wcm9kLWNhd/GFsb2ctbWVkaWEvc2kvMS81NDA2MjJENThDOEUxNDJGNDhFQTQxQUF/ENTZFQ0QyQkNGRjlCQzk2Q0UzRDYzNzdBNDk5RUVGQURBQkQ3MDlGLmpwZw.jpg",
        "accessibility": "Dve škatli s pripravljenimi jabolčnim in slivovim drobljencem Nestlé FRobe."
      },
      {
        "url": "https://imgproxy-retcat.assets.schwarz/EbWgHUfavnsv7Ixc-FxTBVrTDgUgmzfugCGdSBoUM98/sm:1/w:427/h:320/cz/M6Ly9wcm9kLWNhd/GFsb2ctbWVkaWEvc2kvMS9CQjM5RjI0N0YyNEE0MDZGMDdDMzU2REQ/yNkUwNDdFMDUxODhCRERFREJEQjFERjk4QjRDNzJDM0FBQkM5RkZBLmpwZw.jpg",
        "accessibility": "Alpenfest pšenična torta s drobtinami in slivami."
      },
      {
        "url": "https://imgproxy-retcat.assets.schwarz/uToZJYZJGsXwfzu1k1NRSCuEgQNZKyGG3Bc_tgvVOBI/sm:1/w:427/h:320/cz/M6Ly9wcm9kLWNhd/GFsb2ctbWVkaWEvc2kvMS84NTI1MzQzMzMzQjk5OTlDQzEwMEQ2NTg/xQzY1RkUzQzQ4ODg4NTgxMDVCMzY2MjJEMjcyMDM2NkRFQzRCOEVGLmpwZw.jpg",
        "accessibility": "Paket za peko jabolčnega drobljenca Alpine Fest."
      }
    ],
    "analytics_category": "Food",
    "more_details": "Dodatne podrobnosti o izdelku",
    "won_category_primary": "Svetovi potreb/Hrana in bližnja hrana/Kruh in pekovsko pecivo",
    "won_category_primary_path": "0/17/1713",
    "canonical_path": "/p/alpenfest-kolac-z-nadevom/p10082731",
    "canonical_url": "/p/alpenfest-kolac-z-nadevom/p10082731",
    "awards": [],
    "seals": [
      {
        "altText": "Znak: Zamrznjeno",
        "image": "https://imgproxy-retcat.assets.schwarz/ayWyw20LfIYJzOhoc4KvR8G0z3S3CSGFD0vHUIK3dgY/sm:1/w:140/cz/M6Ly9wcm9kLWNhd/GFsb2ctbWVkaWEvc2kvMi81NkZCNjYzMzA5NkRFMERFNzUzNEI1ODY/xRDQ4Q0MxRTkxQkUzNUMxOTBGNTAyMURGMjJGODEyQzk0ODhCNTYwLnBuZw.png"
      }
    ],
    "ribbons": [],
    "highlighted_seals": 0,
    "lidl_plus": [],
    "regions": [],
    "ians": [
      "29879"
    ],
    "show_brand": true,
    "deal_of_day_active": false,
    "full_title_meta": "ALPENFEST Kolač z nadevom",
    "lists": [
      4991
    ],
    "preview": false,
    "category_breadcrumbs": [
      {
        "id": "10068374",
        "name": "Hrana in pijača",
        "url": "/c/hrana-in-pijaca/s10068374",
        "hidden": false
      },
      {
        "id": "10071015",
        "name": "Kruh in pekovski izdelki",
        "url": "/h/kruh-in-pekovski-izdelki/h10071015",
        "hidden": false
      }
    ],
    "campaigns": [
      {
        "id": "Next_Sales_Week",
        "name": "Naslednji teden",
        "url": null,
        "hidden": false
      },
      {
        "id": "10075265",
        "name": "Navdih Alp",
        "url": "/c/navdih-alp/a10075265",
        "hidden": false
      }
    ],
    "world_of_needs_code": "1713",
    "world_of_needs_name": "Kruh in pekovsko pecivo",
    "world_of_needs_parent": "17",
    "is_main_category": true,
    "super_categories": [
      {
        "code": "17",
        "name": "Hrana in bližnja hrana",
        "parent": "0"
      },
      {
        "code": "0",
        "name": "Svetovi potreb",
        "parent": ""
      }
    ],
    "position": 101,
    "tracking_payload": {
      "searchTrackingMasterId": "Product.10082731",
      "searchTrackingTitle": "Kola%C4%8D+z+nadevom",
      "searchTrackingPageSize": 100,
      "searchTrackingPage": 2,
      "searchTrackingEvent": "click",
      "list": "search",
      "searchTrackingId": "Product.10082731",
      "searchTrackingOrigPos": 1,
      "searchTrackingPos": 101,
      "searchTrackingOrigPageSize": 100,
      "searchTrackingChannel": "SI",
      "category": "Food"
    }
  },
  {
    "code": "10082735",
    "name": "Polnjeni krompirjevi kroketi",
    "url": "",
    "result_class": "product",
    "type": "product",
    "product_id": 10082735,
    "erp_number": "10082735",
    "item_id": 10082735,
    "full_title": "ALPENFEST Polnjeni krompirjevi kroketi",
    "title": "Polnjeni krompirjevi kroketi",
    "category": "Food",
    "product_type": "RETAIL",
    "age_restriction": false,
    "is_used_product": false,
    "multipack": false,
    "online": false,
    "store": false,
    "quick_add_to_cart": false,
    "flash_sales": false,
    "having_videos": false,
    "having_threesixty": false,
    "price": 2.49,
    "old_price": 0.0,
    "currency_code": "EUR",
    "currency_symbol": "€",
    "has_star": true,
    "has_vat": false,
    "price_theme": "white_red",
    "variants_have_different_prices": false,
    "base_price_text": "1 kg = 4.15",
    "base_price_prefix": false,
    "packaging_text": "600 g",
    "discount_deleted_price": null,
    "discount_text": "ZGRABITE PRILOŽNOST!",
    "discount_percentage": null,
    "discount_has_star": false,
    "show_discount": false,
    "show_percentage": false,
    "from_recommended_price": false,
    "availability_indicator": 0,
    "online_available": false,
    "min_orderable_quantity": 1,
    "orderable_quantities": [],
    "badge_texts": [
      "od 14.07. v trgovini"
    ],
    "badge_types": [
      "IN_STORE_FROM_DATE_FUTURE"
    ],
    "main_image": "https://imgproxy-retcat.assets.schwarz/Sv3wMKGw3hyPqkpzKRtx6-roDes_ERTZIqad7_9c6T4/sm:1/w:427/h:320/cz/M6Ly9wcm9kLWNhd/GFsb2ctbWVkaWEvc2kvMS9EOUEwNkREMTREQzEwOEI0RTJFRUY5RDd/BQkNCMkMxOUY2NzczRTFDNDc0RjQ1QzFBRTc0MTk5MURBQkMxNTZDLmpwZw.jpg",
    "image_list": [
      "https://imgproxy-retcat.assets.schwarz/Sv3wMKGw3hyPqkpzKRtx6-roDes_ERTZIqad7_9c6T4/sm:1/w:427/h:320/cz/M6Ly9wcm9kLWNhd/GFsb2ctbWVkaWEvc2kvMS9EOUEwNkREMTREQzEwOEI0RTJFRUY5RDd/BQkNCMkMxOUY2NzczRTFDNDc0RjQ1QzFBRTc0MTk5MURBQkMxNTZDLmpwZw.jpg",
      "https://imgproxy-retcat.assets.schwarz/FtdpK7sDKYswVCMp1MWeqni5g7C_zqvrWvmyJHGdP10/sm:1/w:427/h:320/cz/M6Ly9wcm9kLWNhd/GFsb2ctbWVkaWEvc2kvMS8zNkZGMzJEQTNDRDAyNzQ4OUFBRTQ1NDA/0QkJFQTREMDY3NTU4OERBNEEwQUMyNUFDN0I3NEY5OTU1MDc0QzE1LmpwZw.jpg",
      "https://imgproxy-retcat.assets.schwarz/tD0c5M1BfOwEZPGvMPTFO9o_g-vuCbtbFbWdIDRSAoc/sm:1/w:427/h:320/cz/M6Ly9wcm9kLWNhd/GFsb2ctbWVkaWEvc2kvMS8zNUJDMzY5RTE4QzE3RUZCNDBGRjM1RjN/FMzcxQkQ3MUM3MjJDODQ5ODNBMUY4MDhFOUVGRjZEOTBGMkQ3NTc0LmpwZw.jpg"
    ],
    "image_accessibility": "Dve vrečki zamrznjenih krompirjevih kroketov Nestlé Feast.",
    "detailed_images": [
      {
        "url": "https://imgproxy-retcat.assets.schwarz/Sv3wMKGw3hyPqkpzKRtx6-roDes_ERTZIqad7_9c6T4/sm:1/w:427/h:320/cz/M6Ly9wcm9kLWNhd/GFsb2ctbWVkaWEvc2kvMS9EOUEwNkREMTREQzEwOEI0RTJFRUY5RDd/BQkNCMkMxOUY2NzczRTFDNDc0RjQ1QzFBRTc0MTk5MURBQkMxNTZDLmpwZw.jpg",
        "accessibility": "Dve vrečki zamrznjenih krompirjevih kroketov Nestlé Feast."
      },
      {
        "url": "https://imgproxy-retcat.assets.schwarz/FtdpK7sDKYswVCMp1MWeqni5g7C_zqvrWvmyJHGdP10/sm:1/w:427/h:320/cz/M6Ly9wcm9kLWNhd/GFsb2ctbWVkaWEvc2kvMS8zNkZGMzJEQTNDRDAyNzQ4OUFBRTQ1NDA/0QkJFQTREMDY3NTU4OERBNEEwQUMyNUFDN0I3NEY5OTU1MDc0QzE1LmpwZw.jpg",
        "accessibility": "Zamrznjene krompirjeve krokete Alpenfest s špinačo."
      },
      {
        "url": "https://imgproxy-retcat.assets.schwarz/tD0c5M1BfOwEZPGvMPTFO9o_g-vuCbtbFbWdIDRSAoc/sm:1/w:427/h:320/cz/M6Ly9wcm9kLWNhd/GFsb2ctbWVkaWEvc2kvMS8zNUJDMzY5RTE4QzE3RUZCNDBGRjM1RjN/FMzcxQkQ3MUM3MjJDODQ5ODNBMUY4MDhFOUVGRjZEOTBGMkQ3NTc0LmpwZw.jpg",
        "accessibility": "Zamrznjene krompirjeve krokete Alpenfest."
      }
    ],
    "analytics_category": "Food",
    "more_details": "Dodatne podrobnosti o izdelku",
    "won_category_primary": "Svetovi potreb/Hrana in bližnja hrana/Zamrznjena hrana (Zamrznjena hrana)",
    "won_category_primary_path": "0/17/1716",
    "canonical_path": "/p/alpenfest-polnjeni-krompirjevi-kroketi/p10082735",
    "canonical_url": "/p/alpenfest-polnjeni-krompirjevi-kroketi/p10082735",
    "awards": [],
    "seals": [
      {
        "altText": "Znak: Zamrznjeno",
        "image": "https://imgproxy-retcat.assets.schwarz/ayWyw20LfIYJzOhoc4KvR8G0z3S3CSGFD0vHUIK3dgY/sm:1/w:140/cz/M6Ly9wcm9kLWNhd/GFsb2ctbWVkaWEvc2kvMi81NkZCNjYzMzA5NkRFMERFNzUzNEI1ODY/xRDQ4Q0MxRTkxQkUzNUMxOTBGNTAyMURGMjJGODEyQzk0ODhCNTYwLnBuZw.png"
      }
    ],
    "ribbons": [],
    "highlighted_seals": 0,
    "lidl_plus": [],
    "regions": [],
    "ians": [
      "129664"
    ],
    "show_brand": true,
    "deal_of_day_active": false,
    "full_title_meta": "ALPENFEST Polnjeni krompirjevi kroketi",
    "lists": [
      4991
    ],
    "preview": false,
    "category_breadcrumbs": [
      {
        "id": "10068374",
        "name": "Hrana in pijača",
        "url": "/c/hrana-in-pijaca/s10068374",
        "hidden": false
      },
      {
        "id": "10071049",
        "name": "Zamrznjena hrana",
        "url": "/h/zamrznjena-hrana/h10071049",
        "hidden": false
      }
    ],
    "campaigns": [
      {
        "id": "Next_Sales_Week",
        "name": "Naslednji teden",
        "url": null,
        "hidden": false
      },
      {
        "id": "10075265",
        "name": "Navdih Alp",
        "url": "/c/navdih-alp/a10075265",
        "hidden": false
      }
    ],
    "world_of_needs_code": "1716",
    "world_of_needs_name": "Zamrznjena hrana (Zamrznjena hrana)",
    "world_of_needs_parent": "17",
    "is_main_category": true,
    "super_categories": [
      {
        "code": "17",
        "name": "Hrana in bližnja hrana",
        "parent": "0"
      },
      {
        "code": "0",
        "name": "Svetovi potreb",
        "parent": ""
      }
    ],
    "position": 102,
    "tracking_payload": {
      "searchTrackingMasterId": "Product.10082735",
      "searchTrackingTitle": "Polnjeni+krompirjevi+kroketi",
      "searchTrackingPageSize": 100,
      "searchTrackingPage": 2,
      "searchTrackingEvent": "click",
      "list": "search",
      "searchTrackingId": "Product.10082735",
      "searchTrackingOrigPos": 1,
      "searchTrackingPos": 102,
      "searchTrackingOrigPageSize": 100,
      "searchTrackingChannel": "SI",
      "category": "Food"
    }
  },
  {
    "code": "10082741",
    "name": "Slan prigrizek",
    "url": "",
    "result_class": "product",
    "type": "product",
    "product_id": 10082741,
    "erp_number": "10082741",
    "item_id": 10082741,
    "full_title": "ALPENFEST Slan prigrizek",
    "title": "Slan prigrizek",
    "category": "Food",
    "product_type": "RETAIL",
    "age_restriction": false,
    "is_used_product": false,
    "multipack": false,
    "online": false,
    "store": false,
    "quick_add_to_cart": false,
    "flash_sales": false,
    "having_videos": false,
    "having_threesixty": false,
    "price": 1.29,
    "old_price": 0.0,
    "currency_code": "EUR",
    "currency_symbol": "€",
    "has_star": true,
    "has_vat": false,
    "price_theme": "white_red",
    "variants_have_different_prices": false,
    "base_price_text": "1 kg = 4.30",
    "base_price_prefix": false,
    "packaging_text": "300 g",
    "discount_deleted_price": null,
    "discount_text": null,
    "discount_percentage": null,
    "discount_has_star": null,
    "show_discount": null,
    "show_percentage": null,
    "from_recommended_price": null,
    "availability_indicator": 0,
    "online_available": false,
    "min_orderable_quantity": 1,
    "orderable_quantities": [],
    "badge_texts": [
      "od 14.07. v trgovini"
    ],
    "badge_types": [
      "IN_STORE_FROM_DATE_FUTURE"
    ],
    "main_image": "https://imgproxy-retcat.assets.schwarz/_i4BHiG5DWTCaOUyrFZft5POftntwOYSr3shYjll_q8/sm:1/w:427/h:320/cz/M6Ly9wcm9kLWNhd/GFsb2ctbWVkaWEvc2kvMS9ENEQ1M0Q1MkE0NzdEMkIyRUYwQjFEOEV/FMjUxNzUyMTRCNjNDQzFCODc0QTQ5MEQ4QzQ3MDJFN0E3NEI1QUEyLmpwZw.jpg",
    "image_list": [
      "https://imgproxy-retcat.assets.schwarz/_i4BHiG5DWTCaOUyrFZft5POftntwOYSr3shYjll_q8/sm:1/w:427/h:320/cz/M6Ly9wcm9kLWNhd/GFsb2ctbWVkaWEvc2kvMS9ENEQ1M0Q1MkE0NzdEMkIyRUYwQjFEOEV/FMjUxNzUyMTRCNjNDQzFCODc0QTQ5MEQ4QzQ3MDJFN0E3NEI1QUEyLmpwZw.jpg"
    ],
    "image_accessibility": "Posoda s prigrizki Nestl'e: slane palčke in pretzel.",
    "detailed_images": [
      {
        "url": "https://imgproxy-retcat.assets.schwarz/_i4BHiG5DWTCaOUyrFZft5POftntwOYSr3shYjll_q8/sm:1/w:427/h:320/cz/M6Ly9wcm9kLWNhd/GFsb2ctbWVkaWEvc2kvMS9ENEQ1M0Q1MkE0NzdEMkIyRUYwQjFEOEV/FMjUxNzUyMTRCNjNDQzFCODc0QTQ5MEQ4QzQ3MDJFN0E3NEI1QUEyLmpwZw.jpg",
        "accessibility": "Posoda s prigrizki Nestl'e: slane palčke in pretzel."
      }
    ],
    "analytics_category": "Food",
    "more_details": "Dodatne podrobnosti o izdelku",
    "won_category_primary": "Svetovi potreb/Hrana in bližnja hrana/Prigrizki in slaščice",
    "won_category_primary_path": "0/17/1721",
    "canonical_path": "/p/alpenfest-slan-prigrizek/p10082741",
    "canonical_url": "/p/alpenfest-slan-prigrizek/p10082741",
    "awards": [],
    "seals": [],
    "ribbons": [],
    "highlighted_seals": 0,
    "lidl_plus": [],
    "regions": [],
    "ians": [
      "5556215"
    ],
    "show_brand": true,
    "deal_of_day_active": false,
    "full_title_meta": "ALPENFEST Slan prigrizek",
    "lists": [
      4991
    ],
    "preview": false,
    "category_breadcrumbs": [
      {
        "id": "10068374",
        "name": "Hrana in pijača",
        "url": "/c/hrana-in-pijaca/s10068374",
        "hidden": false
      },
      {
        "id": "10071044",
        "name": "Prigrizki in sladkarije",
        "url": "/h/prigrizki-in-sladkarije/h10071044",
        "hidden": false
      }
    ],
    "campaigns": [
      {
        "id": "Next_Sales_Week",
        "name": "Naslednji teden",
        "url": null,
        "hidden": false
      },
      {
        "id": "10075265",
        "name": "Navdih Alp",
        "url": "/c/navdih-alp/a10075265",
        "hidden": false
      }
    ],
    "world_of_needs_code": "1721",
    "world_of_needs_name": "Prigrizki in slaščice",
    "world_of_needs_parent": "17",
    "is_main_category": true,
    "super_categories": [
      {
        "code": "17",
        "name": "Hrana in bližnja hrana",
        "parent": "0"
      },
      {
        "code": "0",
        "name": "Svetovi potreb",
        "parent": ""
      }
    ],
    "position": 103,
    "tracking_payload": {
      "searchTrackingMasterId": "Product.10082741",
      "searchTrackingTitle": "Slan+prigrizek",
      "searchTrackingPageSize": 100,
      "searchTrackingPage": 2,
      "searchTrackingEvent": "click",
      "list": "search",
      "searchTrackingId": "Product.10082741",
      "searchTrackingOrigPos": 1,
      "searchTrackingPos": 103,
      "searchTrackingOrigPageSize": 100,
      "searchTrackingChannel": "SI",
      "category": "Food"
    }
  },
  {
    "code": "10082743",
    "name": "Svetlo/temno pivo",
    "url": "",
    "result_class": "product",
    "type": "product",
    "product_id": 10082743,
    "erp_number": "10082743",
    "item_id": 10082743,
    "full_title": "PERLENBACHER Svetlo/temno pivo",
    "title": "Svetlo/temno pivo",
    "category": "Food",
    "product_type": "RETAIL",
    "age_restriction": false,
    "is_used_product": false,
    "multipack": false,
    "online": false,
    "store": false,
    "quick_add_to_cart": false,
    "flash_sales": false,
    "having_videos": false,
    "having_threesixty": false,
    "price": 0.89,
    "old_price": 0.0,
    "currency_code": "EUR",
    "currency_symbol": "€",
    "has_star": true,
    "has_vat": false,
    "price_theme": "white_red",
    "variants_have_different_prices": false,
    "base_price_text": "1 l = 1.78",
    "base_price_prefix": false,
    "packaging_text": "0,5 l",
    "discount_deleted_price": null,
    "discount_text": null,
    "discount_percentage": null,
    "discount_has_star": null,
    "show_discount": null,
    "show_percentage": null,
    "from_recommended_price": null,
    "availability_indicator": 0,
    "online_available": false,
    "min_orderable_quantity": 1,
    "orderable_quantities": [],
    "badge_texts": [
      "od 14.07. v trgovini"
    ],
    "badge_types": [
      "IN_STORE_FROM_DATE_FUTURE"
    ],
    "main_image": "https://imgproxy-retcat.assets.schwarz/wUESS_LHFUAGQy-Pqe3DZet0V_XlyK_3S7kxdPBfdbc/sm:1/w:427/h:320/cz/M6Ly9wcm9kLWNhd/GFsb2ctbWVkaWEvc2kvMS83MUREN0ZCQjNCQkEwNTMyMjk1QTk1ODA/3QUFGNzE3NEY1NjU5MTVBMEZFMjIzMzI4QjEyQTgxQTJEQThCQTIyLmpwZw.jpg",
    "image_list": [
      "https://imgproxy-retcat.assets.schwarz/wUESS_LHFUAGQy-Pqe3DZet0V_XlyK_3S7kxdPBfdbc/sm:1/w:427/h:320/cz/M6Ly9wcm9kLWNhd/GFsb2ctbWVkaWEvc2kvMS83MUREN0ZCQjNCQkEwNTMyMjk1QTk1ODA/3QUFGNzE3NEY1NjU5MTVBMEZFMjIzMzI4QjEyQTgxQTJEQThCQTIyLmpwZw.jpg",
      "https://imgproxy-retcat.assets.schwarz/t_B9yTHffYrIU8jtoNxeaOD6aAajgiCEF5sByYwRV8E/sm:1/w:427/h:320/cz/M6Ly9wcm9kLWNhd/GFsb2ctbWVkaWEvc2kvMS83QjFBQzRBMjgxOTVDNTE5RUIzRjczMjF/GOTk2M0E3RTFCMjQ4NzgyNkI3MkI4NTMwODA4N0FFOEUwQkFCMDJFLmpwZw.jpg",
      "https://imgproxy-retcat.assets.schwarz/n5NUxgO3ReYQ7ZGyQEwA0HQXGdDgS8qHAa-O4K63pns/sm:1/w:427/h:320/cz/M6Ly9wcm9kLWNhd/GFsb2ctbWVkaWEvc2kvMS9EMzcwMjc1RENEMDFEMEEzMzE0MUQxNDd/DN0MzN0JDMjc5QUVDN0U5RTJBODg1MkQ5NjkxQzgxMzRENjNCNzJELmpwZw.jpg"
    ],
    "image_accessibility": "Dve pločevinki piva Festbier in Black Lager.",
    "detailed_images": [
      {
        "url": "https://imgproxy-retcat.assets.schwarz/wUESS_LHFUAGQy-Pqe3DZet0V_XlyK_3S7kxdPBfdbc/sm:1/w:427/h:320/cz/M6Ly9wcm9kLWNhd/GFsb2ctbWVkaWEvc2kvMS83MUREN0ZCQjNCQkEwNTMyMjk1QTk1ODA/3QUFGNzE3NEY1NjU5MTVBMEZFMjIzMzI4QjEyQTgxQTJEQThCQTIyLmpwZw.jpg",
        "accessibility": "Dve pločevinki piva Festbier in Black Lager."
      },
      {
        "url": "https://imgproxy-retcat.assets.schwarz/t_B9yTHffYrIU8jtoNxeaOD6aAajgiCEF5sByYwRV8E/sm:1/w:427/h:320/cz/M6Ly9wcm9kLWNhd/GFsb2ctbWVkaWEvc2kvMS83QjFBQzRBMjgxOTVDNTE5RUIzRjczMjF/GOTk2M0E3RTFCMjQ4NzgyNkI3MkI4NTMwODA4N0FFOEUwQkFCMDJFLmpwZw.jpg",
        "accessibility": "Pivo Festbier v pločevinki."
      },
      {
        "url": "https://imgproxy-retcat.assets.schwarz/n5NUxgO3ReYQ7ZGyQEwA0HQXGdDgS8qHAa-O4K63pns/sm:1/w:427/h:320/cz/M6Ly9wcm9kLWNhd/GFsb2ctbWVkaWEvc2kvMS9EMzcwMjc1RENEMDFEMEEzMzE0MUQxNDd/DN0MzN0JDMjc5QUVDN0U5RTJBODg1MkQ5NjkxQzgxMzRENjNCNzJELmpwZw.jpg",
        "accessibility": "Pločevinke piva Black Label."
      }
    ],
    "analytics_category": "Food",
    "more_details": "Dodatne podrobnosti o izdelku",
    "won_category_primary": "Svetovi potreb/Hrana in bližnja hrana/Pijače",
    "won_category_primary_path": "0/17/1720",
    "canonical_path": "/p/perlenbacher-svetlo-temno-pivo/p10082743",
    "canonical_url": "/p/perlenbacher-svetlo-temno-pivo/p10082743",
    "awards": [],
    "seals": [],
    "ribbons": [],
    "highlighted_seals": 0,
    "lidl_plus": [],
    "regions": [],
    "ians": [
      "60604"
    ],
    "show_brand": true,
    "deal_of_day_active": false,
    "full_title_meta": "PERLENBACHER Svetlo/temno pivo",
    "lists": [
      4991
    ],
    "preview": false,
    "category_breadcrumbs": [
      {
        "id": "10068374",
        "name": "Hrana in pijača",
        "url": "/c/hrana-in-pijaca/s10068374",
        "hidden": false
      },
      {
        "id": "10071022",
        "name": "Pijače",
        "url": "/h/pijace/h10071022",
        "hidden": false
      }
    ],
    "campaigns": [
      {
        "id": "Next_Sales_Week",
        "name": "Naslednji teden",
        "url": null,
        "hidden": false
      },
      {
        "id": "10075265",
        "name": "Navdih Alp",
        "url": "/c/navdih-alp/a10075265",
        "hidden": false
      }
    ],
    "world_of_needs_code": "1720",
    "world_of_needs_name": "Pijače",
    "world_of_needs_parent": "17",
    "is_main_category": true,
    "super_categories": [
      {
        "code": "17",
        "name": "Hrana in bližnja hrana",
        "parent": "0"
      },
      {
        "code": "0",
        "name": "Svetovi potreb",
        "parent": ""
      }
    ],
    "position": 104,
    "tracking_payload": {
      "searchTrackingMasterId": "Product.10082743",
      "searchTrackingTitle": "Svetlo%2Ftemno+pivo",
      "searchTrackingPageSize": 100,
      "searchTrackingPage": 2,
      "searchTrackingEvent": "click",
      "list": "search",
      "searchTrackingId": "Product.10082743",
      "searchTrackingOrigPos": 1,
      "searchTrackingPos": 104,
      "searchTrackingOrigPageSize": 100,
      "searchTrackingChannel": "SI",
      "category": "Food"
    }
  },
  {
    "code": "10082757",
    "name": "Izbor mini salam",
    "url": "",
    "result_class": "product",
    "type": "product",
    "product_id": 10082757,
    "erp_number": "10082757",
    "item_id": 10082757,
    "full_title": "ALPENFEST Izbor mini salam",
    "title": "Izbor mini salam",
    "category": "Food",
    "product_type": "RETAIL",
    "age_restriction": false,
    "is_used_product": false,
    "multipack": false,
    "online": false,
    "store": false,
    "quick_add_to_cart": false,
    "flash_sales": false,
    "having_videos": false,
    "having_threesixty": false,
    "price": 3.99,
    "old_price": 0.0,
    "currency_code": "EUR",
    "currency_symbol": "€",
    "has_star": true,
    "has_vat": false,
    "price_theme": "white_red",
    "variants_have_different_prices": false,
    "base_price_text": "1 kg = 19.95",
    "base_price_prefix": false,
    "packaging_text": "200 g",
    "discount_deleted_price": null,
    "discount_text": null,
    "discount_percentage": null,
    "discount_has_star": null,
    "show_discount": null,
    "show_percentage": null,
    "from_recommended_price": null,
    "availability_indicator": 0,
    "online_available": false,
    "min_orderable_quantity": 1,
    "orderable_quantities": [],
    "badge_texts": [
      "od 14.07. v trgovini"
    ],
    "badge_types": [
      "IN_STORE_FROM_DATE_FUTURE"
    ],
    "main_image": "https://imgproxy-retcat.assets.schwarz/TD3_kUeZfo3wNvmqnEbIQtV58AQ1jftUwTkxKZjJxr0/sm:1/w:427/h:320/cz/M6Ly9wcm9kLWNhd/GFsb2ctbWVkaWEvc2kvMS9DNDNDOTZEM0JEQjRERDE3MjAzQ0FBREF/DOENBMzMzRTE1QjI2RjhFMjYwQTc5REVDRDc1MkVBOUZDNjZEODEzLmpwZw.jpg",
    "image_list": [
      "https://imgproxy-retcat.assets.schwarz/TD3_kUeZfo3wNvmqnEbIQtV58AQ1jftUwTkxKZjJxr0/sm:1/w:427/h:320/cz/M6Ly9wcm9kLWNhd/GFsb2ctbWVkaWEvc2kvMS9DNDNDOTZEM0JEQjRERDE3MjAzQ0FBREF/DOENBMzMzRTE1QjI2RjhFMjYwQTc5REVDRDc1MkVBOUZDNjZEODEzLmpwZw.jpg"
    ],
    "image_accessibility": "Alpe Fest Salami Snack Box: Različne vrste salam in klobas v praktični embalaži.",
    "detailed_images": [
      {
        "url": "https://imgproxy-retcat.assets.schwarz/TD3_kUeZfo3wNvmqnEbIQtV58AQ1jftUwTkxKZjJxr0/sm:1/w:427/h:320/cz/M6Ly9wcm9kLWNhd/GFsb2ctbWVkaWEvc2kvMS9DNDNDOTZEM0JEQjRERDE3MjAzQ0FBREF/DOENBMzMzRTE1QjI2RjhFMjYwQTc5REVDRDc1MkVBOUZDNjZEODEzLmpwZw.jpg",
        "accessibility": "Alpe Fest Salami Snack Box: Različne vrste salam in klobas v praktični embalaži."
      }
    ],
    "analytics_category": "Food",
    "more_details": "Dodatne podrobnosti o izdelku",
    "won_category_primary": "Svetovi potreb/Hrana in bližnja hrana/Klobase in meso",
    "won_category_primary_path": "0/17/1717",
    "canonical_path": "/p/alpenfest-izbor-mini-salam/p10082757",
    "canonical_url": "/p/alpenfest-izbor-mini-salam/p10082757",
    "awards": [],
    "seals": [
      {
        "altText": "Nalepka: Hlajeno",
        "image": "https://imgproxy-retcat.assets.schwarz/7x3Iby7aD19hFySDnP2YoXt7E1r0JrvJVj0QO1gUOes/sm:1/w:140/cz/M6Ly9wcm9kLWNhd/GFsb2ctbWVkaWEvc2kvMi8xMzFBN0E2RDlCREZGREQxOEE2OTFDNEZ/FNDE5RTM0QUMxQjY4OEQ0OUY2QTAxMTRDRjQ1RjdCNTNDRjM2NUJBLnBuZw.png"
      }
    ],
    "ribbons": [],
    "highlighted_seals": 0,
    "lidl_plus": [],
    "regions": [],
    "ians": [
      "144420"
    ],
    "show_brand": true,
    "deal_of_day_active": false,
    "full_title_meta": "ALPENFEST Izbor mini salam",
    "lists": [
      4991
    ],
    "preview": false,
    "category_breadcrumbs": [
      {
        "id": "10068374",
        "name": "Hrana in pijača",
        "url": "/c/hrana-in-pijaca/s10068374",
        "hidden": false
      },
      {
        "id": "10071016",
        "name": "Meso in mesni izdelki",
        "url": "/h/meso-in-mesni-izdelki/h10071016",
        "hidden": false
      }
    ],
    "campaigns": [
      {
        "id": "Next_Sales_Week",
        "name": "Naslednji teden",
        "url": null,
        "hidden": false
      },
      {
        "id": "10075265",
        "name": "Navdih Alp",
        "url": "/c/navdih-alp/a10075265",
        "hidden": false
      }
    ],
    "world_of_needs_code": "1717",
    "world_of_needs_name": "Klobase in meso",
    "world_of_needs_parent": "17",
    "is_main_category": true,
    "super_categories": [
      {
        "code": "17",
        "name": "Hrana in bližnja hrana",
        "parent": "0"
      },
      {
        "code": "0",
        "name": "Svetovi potreb",
        "parent": ""
      }
    ],
    "position": 105,
    "tracking_payload": {
      "searchTrackingMasterId": "Product.10082757",
      "searchTrackingTitle": "Izbor+mini+salam",
      "searchTrackingPageSize": 100,
      "searchTrackingPage": 2,
      "searchTrackingEvent": "click",
      "list": "search",
      "searchTrackingId": "Product.10082757",
      "searchTrackingOrigPos": 1,
      "searchTrackingPos": 105,
      "searchTrackingOrigPageSize": 100,
      "searchTrackingChannel": "SI",
      "category": "Food"
    }
  },
  {
    "code": "10082761",
    "name": "Izbor iz več vrst šunk",
    "url": "",
    "result_class": "product",
    "type": "product",
    "product_id": 10082761,
    "erp_number": "10082761",
    "item_id": 10082761,
    "full_title": "ALPENFEST Izbor iz več vrst šunk",
    "title": "Izbor iz več vrst šunk",
    "category": "Food",
    "product_type": "RETAIL",
    "age_restriction": false,
    "is_used_product": false,
    "multipack": false,
    "online": false,
    "store": false,
    "quick_add_to_cart": false,
    "flash_sales": false,
    "having_videos": false,
    "having_threesixty": false,
    "price": 1.99,
    "old_price": 0.0,
    "currency_code": "EUR",
    "currency_symbol": "€",
    "has_star": true,
    "has_vat": false,
    "price_theme": "white_red",
    "variants_have_different_prices": false,
    "base_price_text": "1 kg = 11.06",
    "base_price_prefix": false,
    "packaging_text": "180 g",
    "discount_deleted_price": null,
    "discount_text": "ZGRABITE PRILOŽNOST!",
    "discount_percentage": null,
    "discount_has_star": false,
    "show_discount": false,
    "show_percentage": false,
    "from_recommended_price": false,
    "availability_indicator": 0,
    "online_available": false,
    "min_orderable_quantity": 1,
    "orderable_quantities": [],
    "badge_texts": [
      "od 14.07. v trgovini"
    ],
    "badge_types": [
      "IN_STORE_FROM_DATE_FUTURE"
    ],
    "main_image": "https://imgproxy-retcat.assets.schwarz/Q_nPUall8obll1cLcBFCxyEyg2Ikl8Ws1zHp24ISRwY/sm:1/w:427/h:320/cz/M6Ly9wcm9kLWNhd/GFsb2ctbWVkaWEvc2kvMS82NDM5NDcwQjlFNzI0MDVENjY5OTEzRUU/zNUJGRDc3MUYzQzBFRUIzN0MwMjkxN0M4QTEwQjVGMTc1Q0Q0QkE5LmpwZw.jpg",
    "image_list": [
      "https://imgproxy-retcat.assets.schwarz/Q_nPUall8obll1cLcBFCxyEyg2Ikl8Ws1zHp24ISRwY/sm:1/w:427/h:320/cz/M6Ly9wcm9kLWNhd/GFsb2ctbWVkaWEvc2kvMS82NDM5NDcwQjlFNzI0MDVENjY5OTEzRUU/zNUJGRDc3MUYzQzBFRUIzN0MwMjkxN0M4QTEwQjVGMTc1Q0Q0QkE5LmpwZw.jpg"
    ],
    "image_accessibility": "Paket narezanke IGLO, šunka.",
    "detailed_images": [
      {
        "url": "https://imgproxy-retcat.assets.schwarz/Q_nPUall8obll1cLcBFCxyEyg2Ikl8Ws1zHp24ISRwY/sm:1/w:427/h:320/cz/M6Ly9wcm9kLWNhd/GFsb2ctbWVkaWEvc2kvMS82NDM5NDcwQjlFNzI0MDVENjY5OTEzRUU/zNUJGRDc3MUYzQzBFRUIzN0MwMjkxN0M4QTEwQjVGMTc1Q0Q0QkE5LmpwZw.jpg",
        "accessibility": "Paket narezanke IGLO, šunka."
      }
    ],
    "analytics_category": "Food",
    "more_details": "Dodatne podrobnosti o izdelku",
    "won_category_primary": "Svetovi potreb/Hrana in bližnja hrana/Klobase in meso",
    "won_category_primary_path": "0/17/1717",
    "canonical_path": "/p/alpenfest-izbor-iz-vec-vrst-sunk/p10082761",
    "canonical_url": "/p/alpenfest-izbor-iz-vec-vrst-sunk/p10082761",
    "awards": [],
    "seals": [
      {
        "altText": "Nalepka: Hlajeno",
        "image": "https://imgproxy-retcat.assets.schwarz/7x3Iby7aD19hFySDnP2YoXt7E1r0JrvJVj0QO1gUOes/sm:1/w:140/cz/M6Ly9wcm9kLWNhd/GFsb2ctbWVkaWEvc2kvMi8xMzFBN0E2RDlCREZGREQxOEE2OTFDNEZ/FNDE5RTM0QUMxQjY4OEQ0OUY2QTAxMTRDRjQ1RjdCNTNDRjM2NUJBLnBuZw.png"
      }
    ],
    "ribbons": [],
    "highlighted_seals": 0,
    "lidl_plus": [],
    "regions": [],
    "ians": [
      "5006649"
    ],
    "show_brand": true,
    "deal_of_day_active": false,
    "full_title_meta": "ALPENFEST Izbor iz več vrst šunk",
    "lists": [
      4991
    ],
    "preview": false,
    "category_breadcrumbs": [
      {
        "id": "10068374",
        "name": "Hrana in pijača",
        "url": "/c/hrana-in-pijaca/s10068374",
        "hidden": false
      },
      {
        "id": "10071016",
        "name": "Meso in mesni izdelki",
        "url": "/h/meso-in-mesni-izdelki/h10071016",
        "hidden": false
      }
    ],
    "campaigns": [
      {
        "id": "Next_Sales_Week",
        "name": "Naslednji teden",
        "url": null,
        "hidden": false
      },
      {
        "id": "10075265",
        "name": "Navdih Alp",
        "url": "/c/navdih-alp/a10075265",
        "hidden": false
      }
    ],
    "world_of_needs_code": "1717",
    "world_of_needs_name": "Klobase in meso",
    "world_of_needs_parent": "17",
    "is_main_category": true,
    "super_categories": [
      {
        "code": "17",
        "name": "Hrana in bližnja hrana",
        "parent": "0"
      },
      {
        "code": "0",
        "name": "Svetovi potreb",
        "parent": ""
      }
    ],
    "position": 106,
    "tracking_payload": {
      "searchTrackingMasterId": "Product.10082761",
      "searchTrackingTitle": "Izbor+iz+ve%C4%8D+vrst+%C5%A1unk",
      "searchTrackingPageSize": 100,
      "searchTrackingPage": 2,
      "searchTrackingEvent": "click",
      "list": "search",
      "searchTrackingId": "Product.10082761",
      "searchTrackingOrigPos": 1,
      "searchTrackingPos": 106,
      "searchTrackingOrigPageSize": 100,
      "searchTrackingChannel": "SI",
      "category": "Food"
    }
  },
  {
    "code": "10082767",
    "name": "Dimljene klobasice",
    "url": "",
    "result_class": "product",
    "type": "product",
    "product_id": 10082767,
    "erp_number": "10082767",
    "item_id": 10082767,
    "full_title": "ALPENFEST Dimljene klobasice",
    "title": "Dimljene klobasice",
    "category": "Food",
    "product_type": "RETAIL",
    "age_restriction": false,
    "is_used_product": false,
    "multipack": false,
    "online": false,
    "store": false,
    "quick_add_to_cart": false,
    "flash_sales": false,
    "having_videos": false,
    "having_threesixty": false,
    "price": 3.49,
    "old_price": 0.0,
    "currency_code": "EUR",
    "currency_symbol": "€",
    "has_star": true,
    "has_vat": false,
    "price_theme": "white_red",
    "variants_have_different_prices": false,
    "base_price_text": "1 kg = 8.73",
    "base_price_prefix": false,
    "packaging_text": "400 g",
    "discount_deleted_price": null,
    "discount_text": null,
    "discount_percentage": null,
    "discount_has_star": null,
    "show_discount": null,
    "show_percentage": null,
    "from_recommended_price": null,
    "availability_indicator": 0,
    "online_available": false,
    "min_orderable_quantity": 1,
    "orderable_quantities": [],
    "badge_texts": [
      "od 14.07. v trgovini"
    ],
    "badge_types": [
      "IN_STORE_FROM_DATE_FUTURE"
    ],
    "main_image": "https://imgproxy-retcat.assets.schwarz/GAX9uWSm8BU2nVTSnuWYj6hGyTh_nSjOhbgtjQgiHHw/sm:1/w:427/h:320/cz/M6Ly9wcm9kLWNhd/GFsb2ctbWVkaWEvc2kvMS9DQTQ3RjU2NzAwNDM2N0RFNTZGNkFEOEE/wRURGMUFGNjBEM0ZBNDY0QzRCN0FGRkM0OEEzQjE2OUUyRjY0RTNCLmpwZw.jpg",
    "image_list": [
      "https://imgproxy-retcat.assets.schwarz/GAX9uWSm8BU2nVTSnuWYj6hGyTh_nSjOhbgtjQgiHHw/sm:1/w:427/h:320/cz/M6Ly9wcm9kLWNhd/GFsb2ctbWVkaWEvc2kvMS9DQTQ3RjU2NzAwNDM2N0RFNTZGNkFEOEE/wRURGMUFGNjBEM0ZBNDY0QzRCN0FGRkM0OEEzQjE2OUUyRjY0RTNCLmpwZw.jpg"
    ],
    "image_accessibility": "Paket klobas Podravka s hrano.",
    "detailed_images": [
      {
        "url": "https://imgproxy-retcat.assets.schwarz/GAX9uWSm8BU2nVTSnuWYj6hGyTh_nSjOhbgtjQgiHHw/sm:1/w:427/h:320/cz/M6Ly9wcm9kLWNhd/GFsb2ctbWVkaWEvc2kvMS9DQTQ3RjU2NzAwNDM2N0RFNTZGNkFEOEE/wRURGMUFGNjBEM0ZBNDY0QzRCN0FGRkM0OEEzQjE2OUUyRjY0RTNCLmpwZw.jpg",
        "accessibility": "Paket klobas Podravka s hrano."
      }
    ],
    "analytics_category": "Food",
    "more_details": "Dodatne podrobnosti o izdelku",
    "won_category_primary": "Svetovi potreb/Hrana in bližnja hrana/Klobase in meso",
    "won_category_primary_path": "0/17/1717",
    "canonical_path": "/p/alpenfest-dimljene-klobasice/p10082767",
    "canonical_url": "/p/alpenfest-dimljene-klobasice/p10082767",
    "awards": [],
    "seals": [
      {
        "altText": "Nalepka: Hlajeno",
        "image": "https://imgproxy-retcat.assets.schwarz/7x3Iby7aD19hFySDnP2YoXt7E1r0JrvJVj0QO1gUOes/sm:1/w:140/cz/M6Ly9wcm9kLWNhd/GFsb2ctbWVkaWEvc2kvMi8xMzFBN0E2RDlCREZGREQxOEE2OTFDNEZ/FNDE5RTM0QUMxQjY4OEQ0OUY2QTAxMTRDRjQ1RjdCNTNDRjM2NUJBLnBuZw.png"
      }
    ],
    "ribbons": [],
    "highlighted_seals": 0,
    "lidl_plus": [],
    "regions": [],
    "ians": [
      "5502667"
    ],
    "show_brand": true,
    "deal_of_day_active": false,
    "full_title_meta": "ALPENFEST Dimljene klobasice",
    "lists": [
      4991
    ],
    "preview": false,
    "category_breadcrumbs": [
      {
        "id": "10068374",
        "name": "Hrana in pijača",
        "url": "/c/hrana-in-pijaca/s10068374",
        "hidden": false
      },
      {
        "id": "10071016",
        "name": "Meso in mesni izdelki",
        "url": "/h/meso-in-mesni-izdelki/h10071016",
        "hidden": false
      }
    ],
    "campaigns": [
      {
        "id": "Next_Sales_Week",
        "name": "Naslednji teden",
        "url": null,
        "hidden": false
      },
      {
        "id": "10075265",
        "name": "Navdih Alp",
        "url": "/c/navdih-alp/a10075265",
        "hidden": false
      }
    ],
    "world_of_needs_code": "1717",
    "world_of_needs_name": "Klobase in meso",
    "world_of_needs_parent": "17",
    "is_main_category": true,
    "super_categories": [
      {
        "code": "17",
        "name": "Hrana in bližnja hrana",
        "parent": "0"
      },
      {
        "code": "0",
        "name": "Svetovi potreb",
        "parent": ""
      }
    ],
    "position": 107,
    "tracking_payload": {
      "searchTrackingMasterId": "Product.10082767",
      "searchTrackingTitle": "Dimljene+klobasice",
      "searchTrackingPageSize": 100,
      "searchTrackingPage": 2,
      "searchTrackingEvent": "click",
      "list": "search",
      "searchTrackingId": "Product.10082767",
      "searchTrackingOrigPos": 1,
      "searchTrackingPos": 107,
      "searchTrackingOrigPageSize": 100,
      "searchTrackingChannel": "SI",
      "category": "Food"
    }
  },
  {
    "code": "10082787",
    "name": "Dimljena šunka v kosu",
    "url": "",
    "result_class": "product",
    "type": "product",
    "product_id": 10082787,
    "erp_number": "10082787",
    "item_id": 10082787,
    "full_title": "ALPENFEST Dimljena šunka v kosu",
    "title": "Dimljena šunka v kosu",
    "category": "Food",
    "product_type": "RETAIL",
    "age_restriction": false,
    "is_used_product": false,
    "multipack": false,
    "online": false,
    "store": false,
    "quick_add_to_cart": false,
    "flash_sales": false,
    "having_videos": false,
    "having_threesixty": false,
    "price": 11.99,
    "old_price": 0.0,
    "currency_code": "EUR",
    "currency_symbol": "€",
    "has_star": true,
    "has_vat": false,
    "price_theme": "white_red",
    "variants_have_different_prices": false,
    "base_price_text": "pribl. 600 g",
    "base_price_prefix": false,
    "packaging_text": "za kg",
    "discount_deleted_price": null,
    "discount_text": null,
    "discount_percentage": null,
    "discount_has_star": null,
    "show_discount": null,
    "show_percentage": null,
    "from_recommended_price": null,
    "availability_indicator": 0,
    "online_available": false,
    "min_orderable_quantity": 1,
    "orderable_quantities": [],
    "badge_texts": [
      "od 14.07. v trgovini"
    ],
    "badge_types": [
      "IN_STORE_FROM_DATE_FUTURE"
    ],
    "main_image": "https://imgproxy-retcat.assets.schwarz/mosEXo6C2iiZUikTp0U4HMH9iPf3ZMWKuPWKgE53SSk/sm:1/w:427/h:320/cz/M6Ly9wcm9kLWNhd/GFsb2ctbWVkaWEvc2kvMS8wQjI5NDcxN0UzODYwRjhCRUIzRURDRTM/5MDAwOTBFRjdDNzkyMzdBNzg4MzE0RjZGQjc4QjVDM0NCODE0MjlDLmpwZw.jpg",
    "image_list": [
      "https://imgproxy-retcat.assets.schwarz/mosEXo6C2iiZUikTp0U4HMH9iPf3ZMWKuPWKgE53SSk/sm:1/w:427/h:320/cz/M6Ly9wcm9kLWNhd/GFsb2ctbWVkaWEvc2kvMS8wQjI5NDcxN0UzODYwRjhCRUIzRURDRTM/5MDAwOTBFRjdDNzkyMzdBNzg4MzE0RjZGQjc4QjVDM0NCODE0MjlDLmpwZw.jpg"
    ],
    "image_accessibility": "Pakirana prekajena šunka blagovne znamke Good Shepherd Feast.",
    "detailed_images": [
      {
        "url": "https://imgproxy-retcat.assets.schwarz/mosEXo6C2iiZUikTp0U4HMH9iPf3ZMWKuPWKgE53SSk/sm:1/w:427/h:320/cz/M6Ly9wcm9kLWNhd/GFsb2ctbWVkaWEvc2kvMS8wQjI5NDcxN0UzODYwRjhCRUIzRURDRTM/5MDAwOTBFRjdDNzkyMzdBNzg4MzE0RjZGQjc4QjVDM0NCODE0MjlDLmpwZw.jpg",
        "accessibility": "Pakirana prekajena šunka blagovne znamke Good Shepherd Feast."
      }
    ],
    "analytics_category": "Food",
    "more_details": "Dodatne podrobnosti o izdelku",
    "won_category_primary": "Svetovi potreb/Hrana in bližnja hrana/Klobase in meso",
    "won_category_primary_path": "0/17/1717",
    "canonical_path": "/p/alpenfest-dimljena-sunka-v-kosu/p10082787",
    "canonical_url": "/p/alpenfest-dimljena-sunka-v-kosu/p10082787",
    "awards": [],
    "seals": [
      {
        "altText": "Nalepka: Hlajeno",
        "image": "https://imgproxy-retcat.assets.schwarz/7x3Iby7aD19hFySDnP2YoXt7E1r0JrvJVj0QO1gUOes/sm:1/w:140/cz/M6Ly9wcm9kLWNhd/GFsb2ctbWVkaWEvc2kvMi8xMzFBN0E2RDlCREZGREQxOEE2OTFDNEZ/FNDE5RTM0QUMxQjY4OEQ0OUY2QTAxMTRDRjQ1RjdCNTNDRjM2NUJBLnBuZw.png"
      }
    ],
    "ribbons": [],
    "highlighted_seals": 0,
    "lidl_plus": [],
    "regions": [],
    "ians": [
      "10237"
    ],
    "show_brand": true,
    "deal_of_day_active": false,
    "full_title_meta": "ALPENFEST Dimljena šunka v kosu",
    "lists": [
      4991
    ],
    "preview": false,
    "category_breadcrumbs": [
      {
        "id": "10068374",
        "name": "Hrana in pijača",
        "url": "/c/hrana-in-pijaca/s10068374",
        "hidden": false
      },
      {
        "id": "10071016",
        "name": "Meso in mesni izdelki",
        "url": "/h/meso-in-mesni-izdelki/h10071016",
        "hidden": false
      }
    ],
    "campaigns": [
      {
        "id": "Next_Sales_Week",
        "name": "Naslednji teden",
        "url": null,
        "hidden": false
      },
      {
        "id": "10075265",
        "name": "Navdih Alp",
        "url": "/c/navdih-alp/a10075265",
        "hidden": false
      }
    ],
    "world_of_needs_code": "1717",
    "world_of_needs_name": "Klobase in meso",
    "world_of_needs_parent": "17",
    "is_main_category": true,
    "super_categories": [
      {
        "code": "17",
        "name": "Hrana in bližnja hrana",
        "parent": "0"
      },
      {
        "code": "0",
        "name": "Svetovi potreb",
        "parent": ""
      }
    ],
    "position": 108,
    "tracking_payload": {
      "searchTrackingMasterId": "Product.10082787",
      "searchTrackingTitle": "Dimljena+%C5%A1unka+v+kosu",
      "searchTrackingPageSize": 100,
      "searchTrackingPage": 2,
      "searchTrackingEvent": "click",
      "list": "search",
      "searchTrackingId": "Product.10082787",
      "searchTrackingOrigPos": 1,
      "searchTrackingPos": 108,
      "searchTrackingOrigPageSize": 100,
      "searchTrackingChannel": "SI",
      "category": "Food"
    }
  },
  {
    "code": "10082791",
    "name": "Mesni sir",
    "url": "",
    "result_class": "product",
    "type": "product",
    "product_id": 10082791,
    "erp_number": "10082791",
    "item_id": 10082791,
    "full_title": "ALPENFEST Mesni sir",
    "title": "Mesni sir",
    "category": "Food",
    "product_type": "RETAIL",
    "age_restriction": false,
    "is_used_product": false,
    "multipack": false,
    "online": false,
    "store": false,
    "quick_add_to_cart": false,
    "flash_sales": false,
    "having_videos": false,
    "having_threesixty": false,
    "price": 2.99,
    "old_price": 0.0,
    "currency_code": "EUR",
    "currency_symbol": "€",
    "has_star": true,
    "has_vat": false,
    "price_theme": "white_red",
    "variants_have_different_prices": false,
    "base_price_text": "1 kg = 7.48",
    "base_price_prefix": false,
    "packaging_text": "400 g",
    "discount_deleted_price": null,
    "discount_text": null,
    "discount_percentage": null,
    "discount_has_star": null,
    "show_discount": null,
    "show_percentage": null,
    "from_recommended_price": null,
    "availability_indicator": 0,
    "online_available": false,
    "min_orderable_quantity": 1,
    "orderable_quantities": [],
    "badge_texts": [
      "od 14.07. v trgovini"
    ],
    "badge_types": [
      "IN_STORE_FROM_DATE_FUTURE"
    ],
    "main_image": "https://imgproxy-retcat.assets.schwarz/XPvzCjB0Y6eqP5nTc1hgnzHQSH8poFFuQHe_9Ughlrs/sm:1/w:427/h:320/cz/M6Ly9wcm9kLWNhd/GFsb2ctbWVkaWEvc2kvMS9DOUMyODhGNTY2ODIxOTM0NTQzMEI5NUV/EOTdCQkI4RDc4NzczMTI0Qzk1MDJGOUI3NTkxQjRFRTg3ODU1MDRGLmpwZw.jpg",
    "image_list": [
      "https://imgproxy-retcat.assets.schwarz/XPvzCjB0Y6eqP5nTc1hgnzHQSH8poFFuQHe_9Ughlrs/sm:1/w:427/h:320/cz/M6Ly9wcm9kLWNhd/GFsb2ctbWVkaWEvc2kvMS9DOUMyODhGNTY2ODIxOTM0NTQzMEI5NUV/EOTdCQkI4RDc4NzczMTI0Qzk1MDJGOUI3NTkxQjRFRTg3ODU1MDRGLmpwZw.jpg",
      "https://imgproxy-retcat.assets.schwarz/bfe4AoaNZTJepI9_9oNdirTslgC5lWSuLJuYvEJsA38/sm:1/w:427/h:320/cz/M6Ly9wcm9kLWNhd/GFsb2ctbWVkaWEvc2kvMS8yQTkwMTkzQjUyRTZGNzk5MjI4QzM4NkE/wRENDRTE2OEVBM0MzMTQyMUFBODQ4RUNBRUQyM0QyREIyRkUyREE5LmpwZw.jpg",
      "https://imgproxy-retcat.assets.schwarz/QdvfsX_3ghp2O-2U_nLQMKjVCBrLw6MZGONUlwf2-ZY/sm:1/w:427/h:320/cz/M6Ly9wcm9kLWNhd/GFsb2ctbWVkaWEvc2kvMS8xMzhBNDk0QzdBN0ZEQ0Q0MzUyREMxRkV/BRDkwOUMxQkZCRDE4NzFFOTc5NkM4RDRENDBDOTQ5RDlGQjE2QzczLmpwZw.jpg"
    ],
    "image_accessibility": "Dve posodi zrezkov iz perutnine, ena surova, druga marinirana.",
    "detailed_images": [
      {
        "url": "https://imgproxy-retcat.assets.schwarz/XPvzCjB0Y6eqP5nTc1hgnzHQSH8poFFuQHe_9Ughlrs/sm:1/w:427/h:320/cz/M6Ly9wcm9kLWNhd/GFsb2ctbWVkaWEvc2kvMS9DOUMyODhGNTY2ODIxOTM0NTQzMEI5NUV/EOTdCQkI4RDc4NzczMTI0Qzk1MDJGOUI3NTkxQjRFRTg3ODU1MDRGLmpwZw.jpg",
        "accessibility": "Dve posodi zrezkov iz perutnine, ena surova, druga marinirana."
      },
      {
        "url": "https://imgproxy-retcat.assets.schwarz/bfe4AoaNZTJepI9_9oNdirTslgC5lWSuLJuYvEJsA38/sm:1/w:427/h:320/cz/M6Ly9wcm9kLWNhd/GFsb2ctbWVkaWEvc2kvMS8yQTkwMTkzQjUyRTZGNzk5MjI4QzM4NkE/wRENDRTE2OEVBM0MzMTQyMUFBODQ4RUNBRUQyM0QyREIyRkUyREE5LmpwZw.jpg",
        "accessibility": "Pakiranje Top ptičjega mesa, začinjenega z zelišči."
      },
      {
        "url": "https://imgproxy-retcat.assets.schwarz/QdvfsX_3ghp2O-2U_nLQMKjVCBrLw6MZGONUlwf2-ZY/sm:1/w:427/h:320/cz/M6Ly9wcm9kLWNhd/GFsb2ctbWVkaWEvc2kvMS8xMzhBNDk0QzdBN0ZEQ0Q0MzUyREMxRkV/BRDkwOUMxQkZCRDE4NzFFOTc5NkM4RDRENDBDOTQ5RDlGQjE2QzczLmpwZw.jpg",
        "accessibility": "Pakiranje surovih piščančjih prsi Topco."
      }
    ],
    "analytics_category": "Food",
    "more_details": "Dodatne podrobnosti o izdelku",
    "won_category_primary": "Svetovi potreb/Hrana in bližnja hrana/Klobase in meso",
    "won_category_primary_path": "0/17/1717",
    "canonical_path": "/p/alpenfest-mesni-sir/p10082791",
    "canonical_url": "/p/alpenfest-mesni-sir/p10082791",
    "awards": [],
    "seals": [
      {
        "altText": "Nalepka: Hlajeno",
        "image": "https://imgproxy-retcat.assets.schwarz/7x3Iby7aD19hFySDnP2YoXt7E1r0JrvJVj0QO1gUOes/sm:1/w:140/cz/M6Ly9wcm9kLWNhd/GFsb2ctbWVkaWEvc2kvMi8xMzFBN0E2RDlCREZGREQxOEE2OTFDNEZ/FNDE5RTM0QUMxQjY4OEQ0OUY2QTAxMTRDRjQ1RjdCNTNDRjM2NUJBLnBuZw.png"
      }
    ],
    "ribbons": [],
    "highlighted_seals": 0,
    "lidl_plus": [],
    "regions": [],
    "ians": [
      "65425"
    ],
    "show_brand": true,
    "deal_of_day_active": false,
    "full_title_meta": "ALPENFEST Mesni sir",
    "lists": [
      4991
    ],
    "preview": false,
    "category_breadcrumbs": [
      {
        "id": "10068374",
        "name": "Hrana in pijača",
        "url": "/c/hrana-in-pijaca/s10068374",
        "hidden": false
      },
      {
        "id": "10071016",
        "name": "Meso in mesni izdelki",
        "url": "/h/meso-in-mesni-izdelki/h10071016",
        "hidden": false
      }
    ],
    "campaigns": [
      {
        "id": "Next_Sales_Week",
        "name": "Naslednji teden",
        "url": null,
        "hidden": false
      },
      {
        "id": "10075265",
        "name": "Navdih Alp",
        "url": "/c/navdih-alp/a10075265",
        "hidden": false
      }
    ],
    "world_of_needs_code": "1717",
    "world_of_needs_name": "Klobase in meso",
    "world_of_needs_parent": "17",
    "is_main_category": true,
    "super_categories": [
      {
        "code": "17",
        "name": "Hrana in bližnja hrana",
        "parent": "0"
      },
      {
        "code": "0",
        "name": "Svetovi potreb",
        "parent": ""
      }
    ],
    "position": 109,
    "tracking_payload": {
      "searchTrackingMasterId": "Product.10082791",
      "searchTrackingTitle": "Mesni+sir",
      "searchTrackingPageSize": 100,
      "searchTrackingPage": 2,
      "searchTrackingEvent": "click",
      "list": "search",
      "searchTrackingId": "Product.10082791",
      "searchTrackingOrigPos": 1,
      "searchTrackingPos": 109,
      "searchTrackingOrigPageSize": 100,
      "searchTrackingChannel": "SI",
      "category": "Food"
    }
  },
  {
    "code": "10082793",
    "name": "Nemški sirni namaz „Obazda“",
    "url": "",
    "result_class": "product",
    "type": "product",
    "product_id": 10082793,
    "erp_number": "10082793",
    "item_id": 10082793,
    "full_title": "ALPENFEST Nemški sirni namaz „Obazda“",
    "title": "Nemški sirni namaz „Obazda“",
    "category": "Food",
    "product_type": "RETAIL",
    "age_restriction": false,
    "is_used_product": false,
    "multipack": false,
    "online": false,
    "store": false,
    "quick_add_to_cart": false,
    "flash_sales": false,
    "having_videos": false,
    "having_threesixty": false,
    "price": 1.99,
    "old_price": 0.0,
    "currency_code": "EUR",
    "currency_symbol": "€",
    "has_star": true,
    "has_vat": false,
    "price_theme": "white_red",
    "variants_have_different_prices": false,
    "base_price_text": "1 kg = 13.27",
    "base_price_prefix": false,
    "packaging_text": "150 g",
    "discount_deleted_price": null,
    "discount_text": null,
    "discount_percentage": null,
    "discount_has_star": null,
    "show_discount": null,
    "show_percentage": null,
    "from_recommended_price": null,
    "availability_indicator": 0,
    "online_available": false,
    "min_orderable_quantity": 1,
    "orderable_quantities": [],
    "badge_texts": [
      "od 14.07. v trgovini"
    ],
    "badge_types": [
      "IN_STORE_FROM_DATE_FUTURE"
    ],
    "main_image": "https://imgproxy-retcat.assets.schwarz/plMqDS5MnqvffuE5dvUCiXeV0K43qHvWGTAnYlK29Go/sm:1/w:427/h:320/cz/M6Ly9wcm9kLWNhd/GFsb2ctbWVkaWEvc2kvMS8wQkI2RkIzNERDMUQ3NDNGM0FBRUY2NTk/1OURGRjE1QzAwQjBBMzM1QUNFMEY1QTdBMEY5NThGMjE5Q0M1OTFDLmpwZw.jpg",
    "image_list": [
      "https://imgproxy-retcat.assets.schwarz/plMqDS5MnqvffuE5dvUCiXeV0K43qHvWGTAnYlK29Go/sm:1/w:427/h:320/cz/M6Ly9wcm9kLWNhd/GFsb2ctbWVkaWEvc2kvMS8wQkI2RkIzNERDMUQ3NDNGM0FBRUY2NTk/1OURGRjE1QzAwQjBBMzM1QUNFMEY1QTdBMEY5NThGMjE5Q0M1OTFDLmpwZw.jpg"
    ],
    "image_accessibility": "Alpenfest Obazda sir, 150g.",
    "detailed_images": [
      {
        "url": "https://imgproxy-retcat.assets.schwarz/plMqDS5MnqvffuE5dvUCiXeV0K43qHvWGTAnYlK29Go/sm:1/w:427/h:320/cz/M6Ly9wcm9kLWNhd/GFsb2ctbWVkaWEvc2kvMS8wQkI2RkIzNERDMUQ3NDNGM0FBRUY2NTk/1OURGRjE1QzAwQjBBMzM1QUNFMEY1QTdBMEY5NThGMjE5Q0M1OTFDLmpwZw.jpg",
        "accessibility": "Alpenfest Obazda sir, 150g."
      }
    ],
    "analytics_category": "Food",
    "more_details": "Dodatne podrobnosti o izdelku",
    "won_category_primary": "Svetovi potreb/Hrana in bližnja hrana/Sir in mlečni izdelki (vključno z maslom in sirom)",
    "won_category_primary_path": "0/17/1718",
    "canonical_path": "/p/alpenfest-nemski-sirni-namaz-obazda/p10082793",
    "canonical_url": "/p/alpenfest-nemski-sirni-namaz-obazda/p10082793",
    "awards": [],
    "seals": [
      {
        "altText": "Zaščitena geografska označba.",
        "image": "https://imgproxy-retcat.assets.schwarz/iqWdzqe1AnDrrddJxIljNW9dfEUwlB16PhpW5kt6szw/sm:1/w:140/cz/M6Ly9wcm9kLWNhd/GFsb2ctbWVkaWEvc2kvMi9GQzlENTczN0ZGRDc3RUUzNjE1QzY5QTc/0Q0NDQUU2NTdBMjk2NEIzRjc4MzY1RThCQjk5NjFDNDcwNzlGRjdELnBuZw.png"
      },
      {
        "altText": "Nalepka: Hlajeno",
        "image": "https://imgproxy-retcat.assets.schwarz/7x3Iby7aD19hFySDnP2YoXt7E1r0JrvJVj0QO1gUOes/sm:1/w:140/cz/M6Ly9wcm9kLWNhd/GFsb2ctbWVkaWEvc2kvMi8xMzFBN0E2RDlCREZGREQxOEE2OTFDNEZ/FNDE5RTM0QUMxQjY4OEQ0OUY2QTAxMTRDRjQ1RjdCNTNDRjM2NUJBLnBuZw.png"
      }
    ],
    "ribbons": [],
    "highlighted_seals": 0,
    "lidl_plus": [],
    "regions": [],
    "ians": [
      "7701321"
    ],
    "show_brand": true,
    "deal_of_day_active": false,
    "full_title_meta": "ALPENFEST Nemški sirni namaz „Obazda“",
    "lists": [
      4991
    ],
    "preview": false,
    "category_breadcrumbs": [
      {
        "id": "10068374",
        "name": "Hrana in pijača",
        "url": "/c/hrana-in-pijaca/s10068374",
        "hidden": false
      },
      {
        "id": "10071017",
        "name": " Sir &  Mlečni izdelki",
        "url": "/h/sir-mlecni-izdelki/h10071017",
        "hidden": false
      }
    ],
    "campaigns": [
      {
        "id": "Next_Sales_Week",
        "name": "Naslednji teden",
        "url": null,
        "hidden": false
      },
      {
        "id": "10075265",
        "name": "Navdih Alp",
        "url": "/c/navdih-alp/a10075265",
        "hidden": false
      }
    ],
    "world_of_needs_code": "1718",
    "world_of_needs_name": "Sir in mlečni izdelki (vključno z maslom in sirom)",
    "world_of_needs_parent": "17",
    "is_main_category": true,
    "super_categories": [
      {
        "code": "17",
        "name": "Hrana in bližnja hrana",
        "parent": "0"
      },
      {
        "code": "0",
        "name": "Svetovi potreb",
        "parent": ""
      }
    ],
    "position": 110,
    "tracking_payload": {
      "searchTrackingMasterId": "Product.10082793",
      "searchTrackingTitle": "Nem%C5%A1ki+sirni+namaz+%E2%80%9EObazda%E2%80%9C",
      "searchTrackingPageSize": 100,
      "searchTrackingPage": 2,
      "searchTrackingEvent": "click",
      "list": "search",
      "searchTrackingId": "Product.10082793",
      "searchTrackingOrigPos": 1,
      "searchTrackingPos": 110,
      "searchTrackingOrigPageSize": 100,
      "searchTrackingChannel": "SI",
      "category": "Food"
    }
  },
  {
    "code": "10082795",
    "name": "Bavarski cmoki",
    "url": "",
    "result_class": "product",
    "type": "product",
    "product_id": 10082795,
    "erp_number": "10082795",
    "item_id": 10082795,
    "full_title": "ALPENFEST Bavarski cmoki",
    "title": "Bavarski cmoki",
    "category": "Food",
    "product_type": "RETAIL",
    "age_restriction": false,
    "is_used_product": false,
    "multipack": false,
    "online": false,
    "store": false,
    "quick_add_to_cart": false,
    "flash_sales": false,
    "having_videos": false,
    "having_threesixty": false,
    "price": 2.59,
    "old_price": 0.0,
    "currency_code": "EUR",
    "currency_symbol": "€",
    "has_star": true,
    "has_vat": false,
    "price_theme": "white_red",
    "variants_have_different_prices": false,
    "base_price_text": "1 kg = 6.48",
    "base_price_prefix": false,
    "packaging_text": "400 g (6 kosov)",
    "discount_deleted_price": null,
    "discount_text": null,
    "discount_percentage": null,
    "discount_has_star": null,
    "show_discount": null,
    "show_percentage": null,
    "from_recommended_price": null,
    "availability_indicator": 0,
    "online_available": false,
    "min_orderable_quantity": 1,
    "orderable_quantities": [],
    "badge_texts": [
      "od 14.07. v trgovini"
    ],
    "badge_types": [
      "IN_STORE_FROM_DATE_FUTURE"
    ],
    "main_image": "https://imgproxy-retcat.assets.schwarz/zaOjlYf4Z9oSHRUse2I7exa_042SqiZzs13x6lmlJ5c/sm:1/w:427/h:320/cz/M6Ly9wcm9kLWNhd/GFsb2ctbWVkaWEvc2kvMS85QzE5MTM4QTZCNUQwQ0EyQjFDQkZFN0M/5MTUxNTAyQzcxQTUyNjg2MkM0MEI0N0U2MDE3RUJDODVDQjg2QUQwLmpwZw.jpg",
    "image_list": [
      "https://imgproxy-retcat.assets.schwarz/zaOjlYf4Z9oSHRUse2I7exa_042SqiZzs13x6lmlJ5c/sm:1/w:427/h:320/cz/M6Ly9wcm9kLWNhd/GFsb2ctbWVkaWEvc2kvMS85QzE5MTM4QTZCNUQwQ0EyQjFDQkZFN0M/5MTUxNTAyQzcxQTUyNjg2MkM0MEI0N0U2MDE3RUJDODVDQjg2QUQwLmpwZw.jpg",
      "https://imgproxy-retcat.assets.schwarz/46kcGi_RdzwZXWwoRzZgfhAT6oj4PBdBHJTC1b-6SAE/sm:1/w:427/h:320/cz/M6Ly9wcm9kLWNhd/GFsb2ctbWVkaWEvc2kvMS9BODAzRDM2NEU3QTlENTFDQTM0Njc4RkM/yNkEyQUQ0NDIxRDY2ODkwNkMxRjEzODc0NDYzMTFCM0U2MzUwQ0E1LmpwZw.jpg",
      "https://imgproxy-retcat.assets.schwarz/4yFSRJmJ-m8ooyBtq-84EsAX3pHem-174mfa2HKsCWQ/sm:1/w:427/h:320/cz/M6Ly9wcm9kLWNhd/GFsb2ctbWVkaWEvc2kvMS83N0Y5Q0Q1NzQxNUU1NDM1QTM1OTU0MzM/2NjVBMkM0NUNEQkMzOTQ1QzdDRDM5RTBGODVBODNCNkRBQ0NBOTU4LmpwZw.jpg"
    ],
    "image_accessibility": "Dve embalaži zamrznjenih Leberkase kroglic, blagovne znamke Fink.",
    "detailed_images": [
      {
        "url": "https://imgproxy-retcat.assets.schwarz/zaOjlYf4Z9oSHRUse2I7exa_042SqiZzs13x6lmlJ5c/sm:1/w:427/h:320/cz/M6Ly9wcm9kLWNhd/GFsb2ctbWVkaWEvc2kvMS85QzE5MTM4QTZCNUQwQ0EyQjFDQkZFN0M/5MTUxNTAyQzcxQTUyNjg2MkM0MEI0N0U2MDE3RUJDODVDQjg2QUQwLmpwZw.jpg",
        "accessibility": "Dve embalaži zamrznjenih Leberkase kroglic, blagovne znamke Fink."
      },
      {
        "url": "https://imgproxy-retcat.assets.schwarz/46kcGi_RdzwZXWwoRzZgfhAT6oj4PBdBHJTC1b-6SAE/sm:1/w:427/h:320/cz/M6Ly9wcm9kLWNhd/GFsb2ctbWVkaWEvc2kvMS9BODAzRDM2NEU3QTlENTFDQTM0Njc4RkM/yNkEyQUQ0NDIxRDY2ODkwNkMxRjEzODc0NDYzMTFCM0U2MzUwQ0E1LmpwZw.jpg",
        "accessibility": "Pakiranje šestih govejih kroglic, blagovna znamka PM."
      },
      {
        "url": "https://imgproxy-retcat.assets.schwarz/4yFSRJmJ-m8ooyBtq-84EsAX3pHem-174mfa2HKsCWQ/sm:1/w:427/h:320/cz/M6Ly9wcm9kLWNhd/GFsb2ctbWVkaWEvc2kvMS83N0Y5Q0Q1NzQxNUU1NDM1QTM1OTU0MzM/2NjVBMkM0NUNEQkMzOTQ1QzdDRDM5RTBGODVBODNCNkRBQ0NBOTU4LmpwZw.jpg",
        "accessibility": "Pakiranje štirih zamrznjenih mesnih kroglic."
      }
    ],
    "analytics_category": "Food",
    "more_details": "Dodatne podrobnosti o izdelku",
    "won_category_primary": "Svetovi potreb/Hrana in bližnja hrana/Kruh in pekovsko pecivo",
    "won_category_primary_path": "0/17/1713",
    "canonical_path": "/p/alpenfest-bavarski-cmoki/p10082795",
    "canonical_url": "/p/alpenfest-bavarski-cmoki/p10082795",
    "awards": [],
    "seals": [
      {
        "altText": "Nalepka: Hlajeno",
        "image": "https://imgproxy-retcat.assets.schwarz/7x3Iby7aD19hFySDnP2YoXt7E1r0JrvJVj0QO1gUOes/sm:1/w:140/cz/M6Ly9wcm9kLWNhd/GFsb2ctbWVkaWEvc2kvMi8xMzFBN0E2RDlCREZGREQxOEE2OTFDNEZ/FNDE5RTM0QUMxQjY4OEQ0OUY2QTAxMTRDRjQ1RjdCNTNDRjM2NUJBLnBuZw.png"
      }
    ],
    "ribbons": [],
    "highlighted_seals": 0,
    "lidl_plus": [],
    "regions": [],
    "ians": [
      "24354"
    ],
    "show_brand": true,
    "deal_of_day_active": false,
    "full_title_meta": "ALPENFEST Bavarski cmoki",
    "lists": [
      4991
    ],
    "preview": false,
    "category_breadcrumbs": [
      {
        "id": "10068374",
        "name": "Hrana in pijača",
        "url": "/c/hrana-in-pijaca/s10068374",
        "hidden": false
      },
      {
        "id": "10071015",
        "name": "Kruh in pekovski izdelki",
        "url": "/h/kruh-in-pekovski-izdelki/h10071015",
        "hidden": false
      }
    ],
    "campaigns": [
      {
        "id": "Next_Sales_Week",
        "name": "Naslednji teden",
        "url": null,
        "hidden": false
      },
      {
        "id": "10075265",
        "name": "Navdih Alp",
        "url": "/c/navdih-alp/a10075265",
        "hidden": false
      }
    ],
    "world_of_needs_code": "1713",
    "world_of_needs_name": "Kruh in pekovsko pecivo",
    "world_of_needs_parent": "17",
    "is_main_category": true,
    "super_categories": [
      {
        "code": "17",
        "name": "Hrana in bližnja hrana",
        "parent": "0"
      },
      {
        "code": "0",
        "name": "Svetovi potreb",
        "parent": ""
      }
    ],
    "position": 111,
    "tracking_payload": {
      "searchTrackingMasterId": "Product.10082795",
      "searchTrackingTitle": "Bavarski+cmoki",
      "searchTrackingPageSize": 100,
      "searchTrackingPage": 2,
      "searchTrackingEvent": "click",
      "list": "search",
      "searchTrackingId": "Product.10082795",
      "searchTrackingOrigPos": 1,
      "searchTrackingPos": 111,
      "searchTrackingOrigPageSize": 100,
      "searchTrackingChannel": "SI",
      "category": "Food"
    }
  },
  {
    "code": "10082811",
    "name": "Brezalkoholni izotonični radler",
    "url": "",
    "result_class": "product",
    "type": "product",
    "product_id": 10082811,
    "erp_number": "10082811",
    "item_id": 10082811,
    "full_title": "UNION Brezalkoholni izotonični radler",
    "title": "Brezalkoholni izotonični radler",
    "category": "Food",
    "product_type": "RETAIL",
    "age_restriction": false,
    "is_used_product": false,
    "multipack": false,
    "online": false,
    "store": false,
    "quick_add_to_cart": false,
    "flash_sales": false,
    "having_videos": false,
    "having_threesixty": false,
    "price": null,
    "old_price": null,
    "currency_code": "EUR",
    "currency_symbol": "€",
    "has_star": true,
    "has_vat": false,
    "price_theme": null,
    "variants_have_different_prices": false,
    "base_price_text": null,
    "base_price_prefix": null,
    "packaging_text": null,
    "discount_deleted_price": null,
    "discount_text": null,
    "discount_percentage": null,
    "discount_has_star": null,
    "show_discount": null,
    "show_percentage": null,
    "from_recommended_price": null,
    "availability_indicator": 0,
    "online_available": false,
    "min_orderable_quantity": 1,
    "orderable_quantities": [],
    "badge_texts": [
      "V trgovini od 11.07. do 12.07."
    ],
    "badge_types": [
      "IN_STORE_FROM_FUTURE_DATE_RANGE"
    ],
    "main_image": "https://imgproxy-retcat.assets.schwarz/exM_oZ1UFeX9YuekogfdbOQ4XIIWdC5QfHp34SCOx5g/sm:1/w:427/h:320/cz/M6Ly9wcm9kLWNhd/GFsb2ctbWVkaWEvc2kvMS9BNzhBRUNENzg1ODE2NDUwMTcxRkRFRDF/GNDE2NENCMEIzMjExNzk4MTFDRTY5NEM2Mjk0MDBDMjRFNDNDQ0I0LmpwZw.jpg",
    "image_list": [
      "https://imgproxy-retcat.assets.schwarz/exM_oZ1UFeX9YuekogfdbOQ4XIIWdC5QfHp34SCOx5g/sm:1/w:427/h:320/cz/M6Ly9wcm9kLWNhd/GFsb2ctbWVkaWEvc2kvMS9BNzhBRUNENzg1ODE2NDUwMTcxRkRFRDF/GNDE2NENCMEIzMjExNzk4MTFDRTY5NEM2Mjk0MDBDMjRFNDNDQ0I0LmpwZw.jpg"
    ],
    "image_accessibility": "Škatla s 30 pločevinkami osvežilnega napitka Capri-Sun.",
    "detailed_images": [
      {
        "url": "https://imgproxy-retcat.assets.schwarz/exM_oZ1UFeX9YuekogfdbOQ4XIIWdC5QfHp34SCOx5g/sm:1/w:427/h:320/cz/M6Ly9wcm9kLWNhd/GFsb2ctbWVkaWEvc2kvMS9BNzhBRUNENzg1ODE2NDUwMTcxRkRFRDF/GNDE2NENCMEIzMjExNzk4MTFDRTY5NEM2Mjk0MDBDMjRFNDNDQ0I0LmpwZw.jpg",
        "accessibility": "Škatla s 30 pločevinkami osvežilnega napitka Capri-Sun."
      }
    ],
    "analytics_category": "Food",
    "more_details": "Dodatne podrobnosti o izdelku",
    "won_category_primary": "Svetovi potreb/Hrana in bližnja hrana/Pijače",
    "won_category_primary_path": "0/17/1720",
    "canonical_path": "/p/union-brezalkoholni-izotonicni-radler/p10082811",
    "canonical_url": "/p/union-brezalkoholni-izotonicni-radler/p10082811",
    "awards": [],
    "seals": [
      {
        "altText": "Logotip Lidl Plus",
        "image": "https://imgproxy-retcat.assets.schwarz/DjNLhjIEpHeUFO-WYf3wploAS16YAf6tVgt5EMshyFs/sm:1/w:140/cz/M6Ly9wcm9kLWNhd/GFsb2ctbWVkaWEvc2kvMi9BMEU2QkJCNEZCQTZENzlEQ0MzRDRFOEM/2REREODBCRjMwQUNFQjJBMDBGREI4RjI1M0Y3MDYzOTFFMTg3RUVGLnBuZw.png"
      },
      {
        "altText": "Slovenski izdelek",
        "image": "https://imgproxy-retcat.assets.schwarz/065GlWscfuyzRNlqdEjgEaZNE6893872XSglFaanlJA/sm:1/w:140/cz/M6Ly9wcm9kLWNhd/GFsb2ctbWVkaWEvc2kvMi83RTk4NkYyRDk1MTlDRUJBNzA1N0JGMzA/1QjA1NjUyRjVCMjMzNzZGRjY4MzVEREFGQzIwQzE5NDVFQUE5M0RCLnBuZw.png"
      }
    ],
    "ribbons": [
      {
        "type": "SPECIAL_DESCRIPTION",
        "text": "AKTIVIRAJ KUPON",
        "theme": "blue"
      }
    ],
    "highlighted_seals": 0,
    "lidl_plus": [
      {
        "price": {
          "basePrice": {
            "prefix": false,
            "text": "1 l = 1.78"
          },
          "discount": {
            "discountHasStar": false,
            "fromRecommendedPrice": false,
            "showDiscount": false,
            "showFrom": false,
            "showPercentage": false,
            "showUpTo": false
          },
          "displayedCurrency": "€",
          "hasStar": true,
          "hasVat": false,
          "packaging": {
            "text": "cena za kos ob nakupu 24 kosov"
          },
          "price": 0.89,
          "priceTheme": "red_yellow",
          "specialTaxes": []
        },
        "lidlPlusText": "z Lidl Plus",
        "highlightText": "17 + 7 GRATIS"
      }
    ],
    "regions": [],
    "ians": [
      "7307817"
    ],
    "show_brand": true,
    "deal_of_day_active": false,
    "full_title_meta": "UNION Brezalkoholni izotonični radler",
    "lists": [
      4991
    ],
    "preview": false,
    "category_breadcrumbs": [
      {
        "id": "10068374",
        "name": "Hrana in pijača",
        "url": "/c/hrana-in-pijaca/s10068374",
        "hidden": false
      },
      {
        "id": "10071022",
        "name": "Pijače",
        "url": "/h/pijace/h10071022",
        "hidden": false
      }
    ],
    "campaigns": [
      {
        "id": "Current_Sales_Week",
        "name": "Ta teden",
        "url": null,
        "hidden": false
      },
      {
        "id": "10024188",
        "name": "Lidl Plus",
        "url": "/c/lidl-plus/a10024188",
        "hidden": false
      }
    ],
    "world_of_needs_code": "1720",
    "world_of_needs_name": "Pijače",
    "world_of_needs_parent": "17",
    "is_main_category": true,
    "super_categories": [
      {
        "code": "17",
        "name": "Hrana in bližnja hrana",
        "parent": "0"
      },
      {
        "code": "0",
        "name": "Svetovi potreb",
        "parent": ""
      }
    ],
    "position": 112,
    "tracking_payload": {
      "searchTrackingMasterId": "Product.10082811",
      "searchTrackingTitle": "Brezalkoholni+izotoni%C4%8Dni+radler",
      "searchTrackingPageSize": 100,
      "searchTrackingPage": 2,
      "searchTrackingEvent": "click",
      "list": "search",
      "searchTrackingId": "Product.10082811",
      "searchTrackingOrigPos": 1,
      "searchTrackingPos": 112,
      "searchTrackingOrigPageSize": 100,
      "searchTrackingChannel": "SI",
      "category": "Food"
    }
  },
  {
    "code": "10082815",
    "name": "Energijski napitek",
    "url": "",
    "result_class": "product",
    "type": "product",
    "product_id": 10082815,
    "erp_number": "10082815",
    "item_id": 10082815,
    "full_title": "RED BULL Energijski napitek",
    "title": "Energijski napitek",
    "category": "Food",
    "product_type": "RETAIL",
    "age_restriction": false,
    "is_used_product": false,
    "multipack": false,
    "online": false,
    "store": false,
    "quick_add_to_cart": false,
    "flash_sales": false,
    "having_videos": false,
    "having_threesixty": false,
    "price": null,
    "old_price": null,
    "currency_code": "EUR",
    "currency_symbol": "€",
    "has_star": true,
    "has_vat": false,
    "price_theme": null,
    "variants_have_different_prices": false,
    "base_price_text": null,
    "base_price_prefix": null,
    "packaging_text": null,
    "discount_deleted_price": null,
    "discount_text": null,
    "discount_percentage": null,
    "discount_has_star": null,
    "show_discount": null,
    "show_percentage": null,
    "from_recommended_price": null,
    "availability_indicator": 0,
    "online_available": false,
    "min_orderable_quantity": 1,
    "orderable_quantities": [],
    "badge_texts": [
      "V trgovini od 11.07. do 12.07."
    ],
    "badge_types": [
      "IN_STORE_FROM_FUTURE_DATE_RANGE"
    ],
    "main_image": "https://imgproxy-retcat.assets.schwarz/HuoeBMQabV2_kxxRvMmFQGTAroupC0GefaH-FYClbyg/sm:1/w:427/h:320/cz/M6Ly9wcm9kLWNhd/GFsb2ctbWVkaWEvc2kvMS81NDAzMDA5MDRDQUJFQzVERjQ2NjYwNUJ/BQTA5OTA5Mzk5MDk5MjBDRjM2RUVCQzQ5NERENUFDQUY1REJDMTBELmpwZw.jpg",
    "image_list": [
      "https://imgproxy-retcat.assets.schwarz/HuoeBMQabV2_kxxRvMmFQGTAroupC0GefaH-FYClbyg/sm:1/w:427/h:320/cz/M6Ly9wcm9kLWNhd/GFsb2ctbWVkaWEvc2kvMS81NDAzMDA5MDRDQUJFQzVERjQ2NjYwNUJ/BQTA5OTA5Mzk5MDk5MjBDRjM2RUVCQzQ5NERENUFDQUY1REJDMTBELmpwZw.jpg"
    ],
    "image_accessibility": "Dve pločevinki Red Bull-a.",
    "detailed_images": [
      {
        "url": "https://imgproxy-retcat.assets.schwarz/HuoeBMQabV2_kxxRvMmFQGTAroupC0GefaH-FYClbyg/sm:1/w:427/h:320/cz/M6Ly9wcm9kLWNhd/GFsb2ctbWVkaWEvc2kvMS81NDAzMDA5MDRDQUJFQzVERjQ2NjYwNUJ/BQTA5OTA5Mzk5MDk5MjBDRjM2RUVCQzQ5NERENUFDQUY1REJDMTBELmpwZw.jpg",
        "accessibility": "Dve pločevinki Red Bull-a."
      }
    ],
    "analytics_category": "Food",
    "more_details": "Dodatne podrobnosti o izdelku",
    "won_category_primary": "Svetovi potreb/Hrana in bližnja hrana/Pijače",
    "won_category_primary_path": "0/17/1720",
    "canonical_path": "/p/red-bull-energijski-napitek/p10082815",
    "canonical_url": "/p/red-bull-energijski-napitek/p10082815",
    "awards": [],
    "seals": [
      {
        "altText": "Logotip Lidl Plus",
        "image": "https://imgproxy-retcat.assets.schwarz/DjNLhjIEpHeUFO-WYf3wploAS16YAf6tVgt5EMshyFs/sm:1/w:140/cz/M6Ly9wcm9kLWNhd/GFsb2ctbWVkaWEvc2kvMi9BMEU2QkJCNEZCQTZENzlEQ0MzRDRFOEM/2REREODBCRjMwQUNFQjJBMDBGREI4RjI1M0Y3MDYzOTFFMTg3RUVGLnBuZw.png"
      }
    ],
    "ribbons": [],
    "highlighted_seals": 0,
    "lidl_plus": [
      {
        "price": {
          "basePrice": {
            "prefix": false,
            "text": "1 l = 2.76"
          },
          "discount": {
            "discountHasStar": false,
            "fromRecommendedPrice": false,
            "showDiscount": false,
            "showFrom": false,
            "showPercentage": false,
            "showUpTo": false
          },
          "displayedCurrency": "€",
          "hasStar": true,
          "hasVat": false,
          "packaging": {
            "text": "cena za drugi kos z Lidl Plus"
          },
          "price": 0.69,
          "priceTheme": "red_yellow",
          "specialTaxes": []
        },
        "lidlPlusText": "z Lidl Plus",
        "highlightText": "- 58 % na drugi kos"
      }
    ],
    "regions": [],
    "ians": [
      "2355"
    ],
    "show_brand": true,
    "deal_of_day_active": false,
    "full_title_meta": "RED BULL Energijski napitek",
    "lists": [
      4991
    ],
    "preview": false,
    "category_breadcrumbs": [
      {
        "id": "10068374",
        "name": "Hrana in pijača",
        "url": "/c/hrana-in-pijaca/s10068374",
        "hidden": false
      },
      {
        "id": "10071022",
        "name": "Pijače",
        "url": "/h/pijace/h10071022",
        "hidden": false
      }
    ],
    "campaigns": [
      {
        "id": "Current_Sales_Week",
        "name": "Ta teden",
        "url": null,
        "hidden": false
      },
      {
        "id": "10024188",
        "name": "Lidl Plus",
        "url": "/c/lidl-plus/a10024188",
        "hidden": false
      }
    ],
    "world_of_needs_code": "1720",
    "world_of_needs_name": "Pijače",
    "world_of_needs_parent": "17",
    "is_main_category": true,
    "super_categories": [
      {
        "code": "17",
        "name": "Hrana in bližnja hrana",
        "parent": "0"
      },
      {
        "code": "0",
        "name": "Svetovi potreb",
        "parent": ""
      }
    ],
    "position": 113,
    "tracking_payload": {
      "searchTrackingMasterId": "Product.10082815",
      "searchTrackingTitle": "Energijski+napitek",
      "searchTrackingPageSize": 100,
      "searchTrackingPage": 2,
      "searchTrackingEvent": "click",
      "list": "search",
      "searchTrackingId": "Product.10082815",
      "searchTrackingOrigPos": 1,
      "searchTrackingPos": 113,
      "searchTrackingOrigPageSize": 100,
      "searchTrackingChannel": "SI",
      "category": "Food"
    }
  },
  {
    "code": "10082827",
    "name": "Schwarzwaldska šunka",
    "url": "",
    "result_class": "product",
    "type": "product",
    "product_id": 10082827,
    "erp_number": "10082827",
    "item_id": 10082827,
    "full_title": "DULANO SELECTION Schwarzwaldska šunka",
    "title": "Schwarzwaldska šunka",
    "category": "Food",
    "product_type": "RETAIL",
    "age_restriction": false,
    "is_used_product": false,
    "multipack": false,
    "online": false,
    "store": false,
    "quick_add_to_cart": false,
    "flash_sales": false,
    "having_videos": false,
    "having_threesixty": false,
    "price": null,
    "old_price": null,
    "currency_code": "EUR",
    "currency_symbol": "€",
    "has_star": true,
    "has_vat": false,
    "price_theme": null,
    "variants_have_different_prices": false,
    "base_price_text": null,
    "base_price_prefix": null,
    "packaging_text": null,
    "discount_deleted_price": null,
    "discount_text": null,
    "discount_percentage": null,
    "discount_has_star": null,
    "show_discount": null,
    "show_percentage": null,
    "from_recommended_price": null,
    "availability_indicator": 0,
    "online_available": false,
    "min_orderable_quantity": 1,
    "orderable_quantities": [],
    "badge_texts": [
      "V trgovini od 14.07. do 16.07."
    ],
    "badge_types": [
      "IN_STORE_FROM_FUTURE_DATE_RANGE"
    ],
    "main_image": "https://imgproxy-retcat.assets.schwarz/9d9QGYNIRc2WREhDEBnXQGz2MHLWgon5vQr_-wBJ6sE/sm:1/w:427/h:320/cz/M6Ly9wcm9kLWNhd/GFsb2ctbWVkaWEvc2kvMS81ODk4Rjc1NTlDMThGRTQ3OUE0ODQzNjg/4MkRBNkI2NDRCMTcxQTBERjY0MUY3MUYxOEZDQ0IxRUU1MTlBNEFBLmpwZw.jpg",
    "image_list": [
      "https://imgproxy-retcat.assets.schwarz/9d9QGYNIRc2WREhDEBnXQGz2MHLWgon5vQr_-wBJ6sE/sm:1/w:427/h:320/cz/M6Ly9wcm9kLWNhd/GFsb2ctbWVkaWEvc2kvMS81ODk4Rjc1NTlDMThGRTQ3OUE0ODQzNjg/4MkRBNkI2NDRCMTcxQTBERjY0MUY3MUYxOEZDQ0IxRUU1MTlBNEFBLmpwZw.jpg"
    ],
    "image_accessibility": "Pakiranje Delbenega pršuta.",
    "detailed_images": [
      {
        "url": "https://imgproxy-retcat.assets.schwarz/9d9QGYNIRc2WREhDEBnXQGz2MHLWgon5vQr_-wBJ6sE/sm:1/w:427/h:320/cz/M6Ly9wcm9kLWNhd/GFsb2ctbWVkaWEvc2kvMS81ODk4Rjc1NTlDMThGRTQ3OUE0ODQzNjg/4MkRBNkI2NDRCMTcxQTBERjY0MUY3MUYxOEZDQ0IxRUU1MTlBNEFBLmpwZw.jpg",
        "accessibility": "Pakiranje Delbenega pršuta."
      }
    ],
    "analytics_category": "Food",
    "more_details": "Dodatne podrobnosti o izdelku",
    "won_category_primary": "Svetovi potreb/Hrana in bližnja hrana/Klobase in meso",
    "won_category_primary_path": "0/17/1717",
    "canonical_path": "/p/dulano-selection-schwarzwaldska-sunka/p10082827",
    "canonical_url": "/p/dulano-selection-schwarzwaldska-sunka/p10082827",
    "awards": [],
    "seals": [
      {
        "altText": "Logotip Lidl Plus",
        "image": "https://imgproxy-retcat.assets.schwarz/DjNLhjIEpHeUFO-WYf3wploAS16YAf6tVgt5EMshyFs/sm:1/w:140/cz/M6Ly9wcm9kLWNhd/GFsb2ctbWVkaWEvc2kvMi9BMEU2QkJCNEZCQTZENzlEQ0MzRDRFOEM/2REREODBCRjMwQUNFQjJBMDBGREI4RjI1M0Y3MDYzOTFFMTg3RUVGLnBuZw.png"
      },
      {
        "altText": "Nalepka: Hlajeno",
        "image": "https://imgproxy-retcat.assets.schwarz/7x3Iby7aD19hFySDnP2YoXt7E1r0JrvJVj0QO1gUOes/sm:1/w:140/cz/M6Ly9wcm9kLWNhd/GFsb2ctbWVkaWEvc2kvMi8xMzFBN0E2RDlCREZGREQxOEE2OTFDNEZ/FNDE5RTM0QUMxQjY4OEQ0OUY2QTAxMTRDRjQ1RjdCNTNDRjM2NUJBLnBuZw.png"
      }
    ],
    "ribbons": [],
    "highlighted_seals": 0,
    "lidl_plus": [
      {
        "price": {
          "basePrice": {
            "prefix": false,
            "text": "1 kg = 11.90"
          },
          "discount": {
            "deletedPrice": 1.99,
            "discountHasStar": false,
            "discountText": "- 40 %",
            "fromRecommendedPrice": false,
            "showDiscount": true,
            "showFrom": false,
            "showPercentage": true,
            "showUpTo": false
          },
          "displayedCurrency": "€",
          "hasStar": true,
          "hasVat": false,
          "oldPrice": 1.99,
          "packaging": {
            "text": "100 g"
          },
          "price": 1.19,
          "priceTheme": "red_yellow",
          "specialTaxes": []
        },
        "lidlPlusText": "z Lidl Plus",
        "highlightText": "- 40 %"
      }
    ],
    "regions": [],
    "ians": [
      "1756"
    ],
    "show_brand": true,
    "deal_of_day_active": false,
    "full_title_meta": "DULANO SELECTION Schwarzwaldska šunka",
    "lists": [
      4991
    ],
    "preview": false,
    "category_breadcrumbs": [
      {
        "id": "10068374",
        "name": "Hrana in pijača",
        "url": "/c/hrana-in-pijaca/s10068374",
        "hidden": false
      },
      {
        "id": "10071016",
        "name": "Meso in mesni izdelki",
        "url": "/h/meso-in-mesni-izdelki/h10071016",
        "hidden": false
      }
    ],
    "campaigns": [
      {
        "id": "Current_Sales_Week",
        "name": "Ta teden",
        "url": null,
        "hidden": false
      },
      {
        "id": "10024188",
        "name": "Lidl Plus",
        "url": "/c/lidl-plus/a10024188",
        "hidden": false
      }
    ],
    "world_of_needs_code": "1717",
    "world_of_needs_name": "Klobase in meso",
    "world_of_needs_parent": "17",
    "is_main_category": true,
    "super_categories": [
      {
        "code": "17",
        "name": "Hrana in bližnja hrana",
        "parent": "0"
      },
      {
        "code": "0",
        "name": "Svetovi potreb",
        "parent": ""
      }
    ],
    "position": 114,
    "tracking_payload": {
      "searchTrackingMasterId": "Product.10082827",
      "searchTrackingTitle": "Schwarzwaldska+%C5%A1unka",
      "searchTrackingPageSize": 100,
      "searchTrackingPage": 2,
      "searchTrackingEvent": "click",
      "list": "search",
      "searchTrackingId": "Product.10082827",
      "searchTrackingOrigPos": 1,
      "searchTrackingPos": 114,
      "searchTrackingOrigPageSize": 100,
      "searchTrackingChannel": "SI",
      "category": "Food"
    }
  },
  {
    "code": "10082828",
    "name": "Sladoled na palčki",
    "url": "",
    "result_class": "product",
    "type": "product",
    "product_id": 10082828,
    "erp_number": "10082828",
    "item_id": 10082828,
    "full_title": "GELATELLI Sladoled na palčki",
    "title": "Sladoled na palčki",
    "category": "Food",
    "product_type": "RETAIL",
    "age_restriction": false,
    "is_used_product": false,
    "multipack": false,
    "online": false,
    "store": true,
    "quick_add_to_cart": false,
    "flash_sales": false,
    "having_videos": false,
    "having_threesixty": false,
    "price": 3.59,
    "old_price": 0.0,
    "currency_code": "EUR",
    "currency_symbol": "€",
    "has_star": true,
    "has_vat": false,
    "price_theme": "white_red",
    "variants_have_different_prices": false,
    "base_price_text": "1 l = 4.99",
    "base_price_prefix": false,
    "packaging_text": "6x120 ml",
    "discount_deleted_price": null,
    "discount_text": null,
    "discount_percentage": null,
    "discount_has_star": null,
    "show_discount": null,
    "show_percentage": null,
    "from_recommended_price": null,
    "availability_indicator": 0,
    "online_available": false,
    "min_orderable_quantity": 1,
    "orderable_quantities": [],
    "badge_texts": [
      "V trgovini"
    ],
    "badge_types": [
      "IN_STORE"
    ],
    "main_image": "https://imgproxy-retcat.assets.schwarz/QUMcY0zv6LaQY0N44mjHnk2BHqNuzqCmdkoj2yFow1A/sm:1/w:427/h:320/cz/M6Ly9wcm9kLWNhd/GFsb2ctbWVkaWEvaW50LzE2OTdFNzJDRTI5Mjk2RTZDMDEwRDcyOT/NFQTYwRkY1QjU4MDNFNzE3MTE0RjBDRUI1Q0VBQjVBRjVEQzlGOTYucG5n.png",
    "image_list": [
      "https://imgproxy-retcat.assets.schwarz/QUMcY0zv6LaQY0N44mjHnk2BHqNuzqCmdkoj2yFow1A/sm:1/w:427/h:320/cz/M6Ly9wcm9kLWNhd/GFsb2ctbWVkaWEvaW50LzE2OTdFNzJDRTI5Mjk2RTZDMDEwRDcyOT/NFQTYwRkY1QjU4MDNFNzE3MTE0RjBDRUI1Q0VBQjVBRjVEQzlGOTYucG5n.png",
      "https://imgproxy-retcat.assets.schwarz/bS1wiA_pfynlwPzQJ3Ik0naCiIfj4PuJBs4j_4EfVyc/sm:1/w:427/h:320/cz/M6Ly9wcm9kLWNhd/GFsb2ctbWVkaWEvaW50L0ZGOTdCNjdDNERCODhFRTZDQ0UyMjE4MD/NGNzFBNkQwOTVGOTg1NjM2QjBCMzY5QUU2NEI0QzIzQzZGQUNFMzIucG5n.png"
    ],
    "image_accessibility": null,
    "detailed_images": [
      {
        "url": "https://imgproxy-retcat.assets.schwarz/QUMcY0zv6LaQY0N44mjHnk2BHqNuzqCmdkoj2yFow1A/sm:1/w:427/h:320/cz/M6Ly9wcm9kLWNhd/GFsb2ctbWVkaWEvaW50LzE2OTdFNzJDRTI5Mjk2RTZDMDEwRDcyOT/NFQTYwRkY1QjU4MDNFNzE3MTE0RjBDRUI1Q0VBQjVBRjVEQzlGOTYucG5n.png",
        "accessibility": null
      },
      {
        "url": "https://imgproxy-retcat.assets.schwarz/bS1wiA_pfynlwPzQJ3Ik0naCiIfj4PuJBs4j_4EfVyc/sm:1/w:427/h:320/cz/M6Ly9wcm9kLWNhd/GFsb2ctbWVkaWEvaW50L0ZGOTdCNjdDNERCODhFRTZDQ0UyMjE4MD/NGNzFBNkQwOTVGOTg1NjM2QjBCMzY5QUU2NEI0QzIzQzZGQUNFMzIucG5n.png",
        "accessibility": null
      }
    ],
    "analytics_category": "Food",
    "more_details": "Dodatne podrobnosti o izdelku",
    "won_category_primary": "Svetovi potreb/Hrana in bližnja hrana/Prigrizki in slaščice",
    "won_category_primary_path": "0/17/1721",
    "canonical_path": "/p/gelatelli-sladoled-na-palcki/p10082828",
    "canonical_url": "/p/gelatelli-sladoled-na-palcki/p10082828",
    "awards": [],
    "seals": [
      {
        "altText": "Žig Rainforest Alliance: Ljudje & Narava",
        "image": "https://imgproxy-retcat.assets.schwarz/lbMCis-jGZQNzMXk3WVad3uyJkZ4j8S3P-DyZdCd0KE/sm:1/w:140/cz/M6Ly9wcm9kLWNhd/GFsb2ctbWVkaWEvc2kvMi9FNjBFQjg3QzI4NzMzREE2NTY4NzA1OUN/EMUZDNkVCNUEwMkQxODZDNkQ0MUNFMjVDREJCMjdGNThDRDhGNEJBLnBuZw.png"
      },
      {
        "altText": "Znak: Zamrznjeno",
        "image": "https://imgproxy-retcat.assets.schwarz/ayWyw20LfIYJzOhoc4KvR8G0z3S3CSGFD0vHUIK3dgY/sm:1/w:140/cz/M6Ly9wcm9kLWNhd/GFsb2ctbWVkaWEvc2kvMi81NkZCNjYzMzA5NkRFMERFNzUzNEI1ODY/xRDQ4Q0MxRTkxQkUzNUMxOTBGNTAyMURGMjJGODEyQzk0ODhCNTYwLnBuZw.png"
      }
    ],
    "ribbons": [],
    "highlighted_seals": 0,
    "lidl_plus": [],
    "regions": [],
    "ians": [
      "21900"
    ],
    "show_brand": true,
    "deal_of_day_active": false,
    "full_title_meta": "GELATELLI Sladoled na palčki",
    "lists": [
      16
    ],
    "preview": false,
    "category_breadcrumbs": [
      {
        "id": "10068374",
        "name": "Hrana in pijača",
        "url": "/c/hrana-in-pijaca/s10068374",
        "hidden": false
      },
      {
        "id": "10071044",
        "name": "Prigrizki in sladkarije",
        "url": "/h/prigrizki-in-sladkarije/h10071044",
        "hidden": false
      }
    ],
    "campaigns": [
      {
        "id": "10025136",
        "name": "Novo v ponudbi",
        "url": "/c/novo-v-ponudbi/a10025136",
        "hidden": false
      }
    ],
    "world_of_needs_code": "1721",
    "world_of_needs_name": "Prigrizki in slaščice",
    "world_of_needs_parent": "17",
    "is_main_category": true,
    "super_categories": [
      {
        "code": "17",
        "name": "Hrana in bližnja hrana",
        "parent": "0"
      },
      {
        "code": "0",
        "name": "Svetovi potreb",
        "parent": ""
      }
    ],
    "position": 115,
    "tracking_payload": {
      "searchTrackingMasterId": "Product.10082828",
      "searchTrackingTitle": "Sladoled+na+pal%C4%8Dki",
      "searchTrackingPageSize": 100,
      "searchTrackingPage": 2,
      "searchTrackingEvent": "click",
      "list": "search",
      "searchTrackingId": "Product.10082828",
      "searchTrackingOrigPos": 1,
      "searchTrackingPos": 115,
      "searchTrackingOrigPageSize": 100,
      "searchTrackingChannel": "SI",
      "category": "Food"
    }
  },
  {
    "code": "10082829",
    "name": "Sardine v sončničnem olju",
    "url": "",
    "result_class": "product",
    "type": "product",
    "product_id": 10082829,
    "erp_number": "10082829",
    "item_id": 10082829,
    "full_title": "NIXE Sardine v sončničnem olju",
    "title": "Sardine v sončničnem olju",
    "category": "Food",
    "product_type": "RETAIL",
    "age_restriction": false,
    "is_used_product": false,
    "multipack": false,
    "online": false,
    "store": true,
    "quick_add_to_cart": false,
    "flash_sales": false,
    "having_videos": false,
    "having_threesixty": false,
    "price": 1.19,
    "old_price": 0.0,
    "currency_code": "EUR",
    "currency_symbol": "€",
    "has_star": true,
    "has_vat": false,
    "price_theme": "white_red",
    "variants_have_different_prices": false,
    "base_price_text": "1 kg = 9.52",
    "base_price_prefix": false,
    "packaging_text": "125 g",
    "discount_deleted_price": null,
    "discount_text": null,
    "discount_percentage": null,
    "discount_has_star": null,
    "show_discount": null,
    "show_percentage": null,
    "from_recommended_price": null,
    "availability_indicator": 0,
    "online_available": false,
    "min_orderable_quantity": 1,
    "orderable_quantities": [],
    "badge_texts": [
      "V trgovini"
    ],
    "badge_types": [
      "IN_STORE"
    ],
    "main_image": "https://imgproxy-retcat.assets.schwarz/ftjitdXJu72Y8VDwSsfH3o8gxIQsNv3TQevmaHXDHGg/sm:1/w:427/h:320/cz/M6Ly9wcm9kLWNhd/GFsb2ctbWVkaWEvaW50L0I4RjUxRkFDOEJENURBOTRBM0Y0MDFFMk/REODMyNzQ2OEJFQjE5Q0NFNzlFRDAxQzczN0U5QTBCN0U1MDk4REYucG5n.png",
    "image_list": [
      "https://imgproxy-retcat.assets.schwarz/ftjitdXJu72Y8VDwSsfH3o8gxIQsNv3TQevmaHXDHGg/sm:1/w:427/h:320/cz/M6Ly9wcm9kLWNhd/GFsb2ctbWVkaWEvaW50L0I4RjUxRkFDOEJENURBOTRBM0Y0MDFFMk/REODMyNzQ2OEJFQjE5Q0NFNzlFRDAxQzczN0U5QTBCN0U1MDk4REYucG5n.png"
    ],
    "image_accessibility": null,
    "detailed_images": [
      {
        "url": "https://imgproxy-retcat.assets.schwarz/ftjitdXJu72Y8VDwSsfH3o8gxIQsNv3TQevmaHXDHGg/sm:1/w:427/h:320/cz/M6Ly9wcm9kLWNhd/GFsb2ctbWVkaWEvaW50L0I4RjUxRkFDOEJENURBOTRBM0Y0MDFFMk/REODMyNzQ2OEJFQjE5Q0NFNzlFRDAxQzczN0U5QTBCN0U1MDk4REYucG5n.png",
        "accessibility": null
      }
    ],
    "analytics_category": "Food",
    "more_details": "Dodatne podrobnosti o izdelku",
    "won_category_primary": "Svetovi potreb/Hrana in bližnja hrana/Ribe in morski sadeži",
    "won_category_primary_path": "0/17/1733",
    "canonical_path": "/p/nixe-sardine-v-soncnicnem-olju/p10082829",
    "canonical_url": "/p/nixe-sardine-v-soncnicnem-olju/p10082829",
    "awards": [],
    "seals": [],
    "ribbons": [],
    "highlighted_seals": 0,
    "lidl_plus": [],
    "regions": [],
    "ians": [
      "51409"
    ],
    "show_brand": true,
    "deal_of_day_active": false,
    "full_title_meta": "NIXE Sardine v sončničnem olju",
    "lists": [
      16
    ],
    "preview": false,
    "category_breadcrumbs": [
      {
        "id": "10068374",
        "name": "Hrana in pijača",
        "url": "/c/hrana-in-pijaca/s10068374",
        "hidden": false
      },
      {
        "id": "10071050",
        "name": "Ribe in morski sadeži",
        "url": "/h/ribe-in-morski-sadezi/h10071050",
        "hidden": false
      }
    ],
    "campaigns": [
      {
        "id": "10025136",
        "name": "Novo v ponudbi",
        "url": "/c/novo-v-ponudbi/a10025136",
        "hidden": false
      }
    ],
    "world_of_needs_code": "1733",
    "world_of_needs_name": "Ribe in morski sadeži",
    "world_of_needs_parent": "17",
    "is_main_category": true,
    "super_categories": [
      {
        "code": "17",
        "name": "Hrana in bližnja hrana",
        "parent": "0"
      },
      {
        "code": "0",
        "name": "Svetovi potreb",
        "parent": ""
      }
    ],
    "position": 116,
    "tracking_payload": {
      "searchTrackingMasterId": "Product.10082829",
      "searchTrackingTitle": "Sardine+v+son%C4%8Dni%C4%8Dnem+olju",
      "searchTrackingPageSize": 100,
      "searchTrackingPage": 2,
      "searchTrackingEvent": "click",
      "list": "search",
      "searchTrackingId": "Product.10082829",
      "searchTrackingOrigPos": 1,
      "searchTrackingPos": 116,
      "searchTrackingOrigPageSize": 100,
      "searchTrackingChannel": "SI",
      "category": "Food"
    }
  },
  {
    "code": "10082830",
    "name": "Vodni sladoled",
    "url": "",
    "result_class": "product",
    "type": "product",
    "product_id": 10082830,
    "erp_number": "10082830",
    "item_id": 10082830,
    "full_title": "BON GELATTI Vodni sladoled",
    "title": "Vodni sladoled",
    "category": "Food",
    "product_type": "RETAIL",
    "age_restriction": false,
    "is_used_product": false,
    "multipack": false,
    "online": false,
    "store": true,
    "quick_add_to_cart": false,
    "flash_sales": false,
    "having_videos": false,
    "having_threesixty": false,
    "price": 0.59,
    "old_price": 0.0,
    "currency_code": "EUR",
    "currency_symbol": "€",
    "has_star": true,
    "has_vat": false,
    "price_theme": "white_red",
    "variants_have_different_prices": false,
    "base_price_text": "1 l = 5.36",
    "base_price_prefix": false,
    "packaging_text": "110 ml",
    "discount_deleted_price": null,
    "discount_text": null,
    "discount_percentage": null,
    "discount_has_star": null,
    "show_discount": null,
    "show_percentage": null,
    "from_recommended_price": null,
    "availability_indicator": 0,
    "online_available": false,
    "min_orderable_quantity": 1,
    "orderable_quantities": [],
    "badge_texts": [
      "V trgovini"
    ],
    "badge_types": [
      "IN_STORE"
    ],
    "main_image": "https://imgproxy-retcat.assets.schwarz/gLCyr44YhA6uelCZ2h16G8cxn53jb2nSyRvINgvybOc/sm:1/w:427/h:320/cz/M6Ly9wcm9kLWNhd/GFsb2ctbWVkaWEvaW50Lzc0QkY5QTIzRTYxOEZGMDFCOTI1RjczN0/QwOUI5QzhDNEExMjJBMjBGQTE2RDc2RDQ5RTJBQjMzNjU2RDdFMkIucG5n.png",
    "image_list": [
      "https://imgproxy-retcat.assets.schwarz/gLCyr44YhA6uelCZ2h16G8cxn53jb2nSyRvINgvybOc/sm:1/w:427/h:320/cz/M6Ly9wcm9kLWNhd/GFsb2ctbWVkaWEvaW50Lzc0QkY5QTIzRTYxOEZGMDFCOTI1RjczN0/QwOUI5QzhDNEExMjJBMjBGQTE2RDc2RDQ5RTJBQjMzNjU2RDdFMkIucG5n.png"
    ],
    "image_accessibility": "Bon Gelati jagodni Push Up Lollies sladoledni stožec.",
    "detailed_images": [
      {
        "url": "https://imgproxy-retcat.assets.schwarz/gLCyr44YhA6uelCZ2h16G8cxn53jb2nSyRvINgvybOc/sm:1/w:427/h:320/cz/M6Ly9wcm9kLWNhd/GFsb2ctbWVkaWEvaW50Lzc0QkY5QTIzRTYxOEZGMDFCOTI1RjczN0/QwOUI5QzhDNEExMjJBMjBGQTE2RDc2RDQ5RTJBQjMzNjU2RDdFMkIucG5n.png",
        "accessibility": "Bon Gelati jagodni Push Up Lollies sladoledni stožec."
      }
    ],
    "analytics_category": "Food",
    "more_details": "Dodatne podrobnosti o izdelku",
    "won_category_primary": "Svetovi potreb/Hrana in bližnja hrana/Prigrizki in slaščice",
    "won_category_primary_path": "0/17/1721",
    "canonical_path": "/p/bon-gelatti-vodni-sladoled/p10082830",
    "canonical_url": "/p/bon-gelatti-vodni-sladoled/p10082830",
    "awards": [],
    "seals": [
      {
        "altText": "Znak: Zamrznjeno",
        "image": "https://imgproxy-retcat.assets.schwarz/ayWyw20LfIYJzOhoc4KvR8G0z3S3CSGFD0vHUIK3dgY/sm:1/w:140/cz/M6Ly9wcm9kLWNhd/GFsb2ctbWVkaWEvc2kvMi81NkZCNjYzMzA5NkRFMERFNzUzNEI1ODY/xRDQ4Q0MxRTkxQkUzNUMxOTBGNTAyMURGMjJGODEyQzk0ODhCNTYwLnBuZw.png"
      }
    ],
    "ribbons": [],
    "highlighted_seals": 0,
    "lidl_plus": [],
    "regions": [],
    "ians": [
      "66026"
    ],
    "show_brand": true,
    "deal_of_day_active": false,
    "full_title_meta": "BON GELATTI Vodni sladoled",
    "lists": [
      16
    ],
    "preview": false,
    "category_breadcrumbs": [
      {
        "id": "10068374",
        "name": "Hrana in pijača",
        "url": "/c/hrana-in-pijaca/s10068374",
        "hidden": false
      },
      {
        "id": "10071044",
        "name": "Prigrizki in sladkarije",
        "url": "/h/prigrizki-in-sladkarije/h10071044",
        "hidden": false
      }
    ],
    "campaigns": [
      {
        "id": "10025136",
        "name": "Novo v ponudbi",
        "url": "/c/novo-v-ponudbi/a10025136",
        "hidden": false
      }
    ],
    "world_of_needs_code": "1721",
    "world_of_needs_name": "Prigrizki in slaščice",
    "world_of_needs_parent": "17",
    "is_main_category": true,
    "super_categories": [
      {
        "code": "17",
        "name": "Hrana in bližnja hrana",
        "parent": "0"
      },
      {
        "code": "0",
        "name": "Svetovi potreb",
        "parent": ""
      }
    ],
    "position": 117,
    "tracking_payload": {
      "searchTrackingMasterId": "Product.10082830",
      "searchTrackingTitle": "Vodni+sladoled",
      "searchTrackingPageSize": 100,
      "searchTrackingPage": 2,
      "searchTrackingEvent": "click",
      "list": "search",
      "searchTrackingId": "Product.10082830",
      "searchTrackingOrigPos": 1,
      "searchTrackingPos": 117,
      "searchTrackingOrigPageSize": 100,
      "searchTrackingChannel": "SI",
      "category": "Food"
    }
  },
  {
    "code": "10082831",
    "name": "Premium sladoled",
    "url": "",
    "result_class": "product",
    "type": "product",
    "product_id": 10082831,
    "erp_number": "10082831",
    "item_id": 10082831,
    "full_title": "GELATELLI Premium sladoled",
    "title": "Premium sladoled",
    "category": "Food",
    "product_type": "RETAIL",
    "age_restriction": false,
    "is_used_product": false,
    "multipack": false,
    "online": false,
    "store": true,
    "quick_add_to_cart": false,
    "flash_sales": false,
    "having_videos": false,
    "having_threesixty": false,
    "price": 2.99,
    "old_price": 0.0,
    "currency_code": "EUR",
    "currency_symbol": "€",
    "has_star": true,
    "has_vat": false,
    "price_theme": "white_red",
    "variants_have_different_prices": false,
    "base_price_text": "1 l = 5.98",
    "base_price_prefix": false,
    "packaging_text": "500 ml",
    "discount_deleted_price": null,
    "discount_text": null,
    "discount_percentage": null,
    "discount_has_star": null,
    "show_discount": null,
    "show_percentage": null,
    "from_recommended_price": null,
    "availability_indicator": 0,
    "online_available": false,
    "min_orderable_quantity": 1,
    "orderable_quantities": [],
    "badge_texts": [
      "V trgovini"
    ],
    "badge_types": [
      "IN_STORE"
    ],
    "main_image": "https://imgproxy-retcat.assets.schwarz/eMDNHiez8YyUcMeTNgdM1DVgillAEMrG44oQP8PoQ-8/sm:1/w:427/h:320/cz/M6Ly9wcm9kLWNhd/GFsb2ctbWVkaWEvaW50L0MzODE4NkI1QzBDN0U2RUJDMjE3MDEzOD/c2MkRCOEIwRjQ5MjZCMEU0RkZEM0I1ODU2MTZGMjI4QTRBNERGQzcucG5n.png",
    "image_list": [
      "https://imgproxy-retcat.assets.schwarz/eMDNHiez8YyUcMeTNgdM1DVgillAEMrG44oQP8PoQ-8/sm:1/w:427/h:320/cz/M6Ly9wcm9kLWNhd/GFsb2ctbWVkaWEvaW50L0MzODE4NkI1QzBDN0U2RUJDMjE3MDEzOD/c2MkRCOEIwRjQ5MjZCMEU0RkZEM0I1ODU2MTZGMjI4QTRBNERGQzcucG5n.png",
      "https://imgproxy-retcat.assets.schwarz/BlXTwepumQITPl0-q3mMOAp9sr61hXB5pagSN492gYQ/sm:1/w:427/h:320/cz/M6Ly9wcm9kLWNhd/GFsb2ctbWVkaWEvaW50L0I4OEQ4Q0VFQTYwQkIzOTdFNDNERkFBNz/kxQUM3RkZERTk5MTQ2RkJDMzU1QTVERjZFOUZCRjY2MzBEOUYyQ0MucG5n.png",
      "https://imgproxy-retcat.assets.schwarz/aHouiEaQYHqr8nznKUWeUTpGVKc3pohyXAWw0QiakXY/sm:1/w:427/h:320/cz/M6Ly9wcm9kLWNhd/GFsb2ctbWVkaWEvaW50LzRGNzlBQzAzRURGQzU3MjM2NTVCRjJEMD/E0MzM2Qzk3OTlBOTY2MzM4QkRBNURGRDFDOEJGMjQzRTg4MTBBMDgucG5n.png"
    ],
    "image_accessibility": null,
    "detailed_images": [
      {
        "url": "https://imgproxy-retcat.assets.schwarz/eMDNHiez8YyUcMeTNgdM1DVgillAEMrG44oQP8PoQ-8/sm:1/w:427/h:320/cz/M6Ly9wcm9kLWNhd/GFsb2ctbWVkaWEvaW50L0MzODE4NkI1QzBDN0U2RUJDMjE3MDEzOD/c2MkRCOEIwRjQ5MjZCMEU0RkZEM0I1ODU2MTZGMjI4QTRBNERGQzcucG5n.png",
        "accessibility": null
      },
      {
        "url": "https://imgproxy-retcat.assets.schwarz/BlXTwepumQITPl0-q3mMOAp9sr61hXB5pagSN492gYQ/sm:1/w:427/h:320/cz/M6Ly9wcm9kLWNhd/GFsb2ctbWVkaWEvaW50L0I4OEQ4Q0VFQTYwQkIzOTdFNDNERkFBNz/kxQUM3RkZERTk5MTQ2RkJDMzU1QTVERjZFOUZCRjY2MzBEOUYyQ0MucG5n.png",
        "accessibility": null
      },
      {
        "url": "https://imgproxy-retcat.assets.schwarz/aHouiEaQYHqr8nznKUWeUTpGVKc3pohyXAWw0QiakXY/sm:1/w:427/h:320/cz/M6Ly9wcm9kLWNhd/GFsb2ctbWVkaWEvaW50LzRGNzlBQzAzRURGQzU3MjM2NTVCRjJEMD/E0MzM2Qzk3OTlBOTY2MzM4QkRBNURGRDFDOEJGMjQzRTg4MTBBMDgucG5n.png",
        "accessibility": null
      }
    ],
    "analytics_category": "Food",
    "more_details": "Dodatne podrobnosti o izdelku",
    "won_category_primary": "Svetovi potreb/Hrana in bližnja hrana/Zamrznjena hrana (Zamrznjena hrana)",
    "won_category_primary_path": "0/17/1716",
    "canonical_path": "/p/gelatelli-premium-sladoled/p10082831",
    "canonical_url": "/p/gelatelli-premium-sladoled/p10082831",
    "awards": [],
    "seals": [
      {
        "altText": "Znak: Zamrznjeno",
        "image": "https://imgproxy-retcat.assets.schwarz/ayWyw20LfIYJzOhoc4KvR8G0z3S3CSGFD0vHUIK3dgY/sm:1/w:140/cz/M6Ly9wcm9kLWNhd/GFsb2ctbWVkaWEvc2kvMi81NkZCNjYzMzA5NkRFMERFNzUzNEI1ODY/xRDQ4Q0MxRTkxQkUzNUMxOTBGNTAyMURGMjJGODEyQzk0ODhCNTYwLnBuZw.png"
      }
    ],
    "ribbons": [],
    "highlighted_seals": 0,
    "lidl_plus": [],
    "regions": [],
    "ians": [
      "186755"
    ],
    "show_brand": true,
    "deal_of_day_active": false,
    "full_title_meta": "GELATELLI Premium sladoled",
    "lists": [
      16
    ],
    "preview": false,
    "category_breadcrumbs": [
      {
        "id": "10068374",
        "name": "Hrana in pijača",
        "url": "/c/hrana-in-pijaca/s10068374",
        "hidden": false
      },
      {
        "id": "10071049",
        "name": "Zamrznjena hrana",
        "url": "/h/zamrznjena-hrana/h10071049",
        "hidden": false
      }
    ],
    "campaigns": [
      {
        "id": "10025136",
        "name": "Novo v ponudbi",
        "url": "/c/novo-v-ponudbi/a10025136",
        "hidden": false
      }
    ],
    "world_of_needs_code": "1716",
    "world_of_needs_name": "Zamrznjena hrana (Zamrznjena hrana)",
    "world_of_needs_parent": "17",
    "is_main_category": true,
    "super_categories": [
      {
        "code": "17",
        "name": "Hrana in bližnja hrana",
        "parent": "0"
      },
      {
        "code": "0",
        "name": "Svetovi potreb",
        "parent": ""
      }
    ],
    "position": 118,
    "tracking_payload": {
      "searchTrackingMasterId": "Product.10082831",
      "searchTrackingTitle": "Premium+sladoled",
      "searchTrackingPageSize": 100,
      "searchTrackingPage": 2,
      "searchTrackingEvent": "click",
      "list": "search",
      "searchTrackingId": "Product.10082831",
      "searchTrackingOrigPos": 1,
      "searchTrackingPos": 118,
      "searchTrackingOrigPageSize": 100,
      "searchTrackingChannel": "SI",
      "category": "Food"
    }
  },
  {
    "code": "10082832",
    "name": "Hydrate pijača",
    "url": "",
    "result_class": "product",
    "type": "product",
    "product_id": 10082832,
    "erp_number": "10082832",
    "item_id": 10082832,
    "full_title": "FREEWAY Hydrate pijača",
    "title": "Hydrate pijača",
    "category": "Food",
    "product_type": "RETAIL",
    "age_restriction": false,
    "is_used_product": false,
    "multipack": false,
    "online": false,
    "store": true,
    "quick_add_to_cart": false,
    "flash_sales": false,
    "having_videos": false,
    "having_threesixty": false,
    "price": 0.99,
    "old_price": 0.0,
    "currency_code": "EUR",
    "currency_symbol": "€",
    "has_star": true,
    "has_vat": false,
    "price_theme": "white_red",
    "variants_have_different_prices": false,
    "base_price_text": "1 l = 1.98",
    "base_price_prefix": false,
    "packaging_text": "0,5 l",
    "discount_deleted_price": null,
    "discount_text": null,
    "discount_percentage": null,
    "discount_has_star": null,
    "show_discount": null,
    "show_percentage": null,
    "from_recommended_price": null,
    "availability_indicator": 0,
    "online_available": false,
    "min_orderable_quantity": 1,
    "orderable_quantities": [],
    "badge_texts": [
      "V trgovini"
    ],
    "badge_types": [
      "IN_STORE"
    ],
    "main_image": "https://imgproxy-retcat.assets.schwarz/_-sYVf_eru6SyND5auMBv_HJm6x3aLp2YgtmY2KEYU4/sm:1/w:427/h:320/cz/M6Ly9wcm9kLWNhd/GFsb2ctbWVkaWEvaW50LzdGQTlFRTMxMzFCQzBCODc4MEI5QkFGOU/EzN0Q1QTJGRkFGMEFFNURDNjVGNjdEODcyMTE4NDdEREE1NjdCMUQucG5n.png",
    "image_list": [
      "https://imgproxy-retcat.assets.schwarz/_-sYVf_eru6SyND5auMBv_HJm6x3aLp2YgtmY2KEYU4/sm:1/w:427/h:320/cz/M6Ly9wcm9kLWNhd/GFsb2ctbWVkaWEvaW50LzdGQTlFRTMxMzFCQzBCODc4MEI5QkFGOU/EzN0Q1QTJGRkFGMEFFNURDNjVGNjdEODcyMTE4NDdEREE1NjdCMUQucG5n.png",
      "https://imgproxy-retcat.assets.schwarz/01QR-MSH4L2POk47eUuFhF6xdaywpj5iNt_QDb0FIfc/sm:1/w:427/h:320/cz/M6Ly9wcm9kLWNhd/GFsb2ctbWVkaWEvaW50LzVFQUYwQjVFRkNFMjA5MDIxMzg5MkE3MD/Y5NTJDNjcxRkMwMjk3RUM0QUQ2RDI5NEREM0I0MzYzOEYyQ0YxMTgucG5n.png",
      "https://imgproxy-retcat.assets.schwarz/e7xbIuHUrN-Sa9xbyy4Zz9VG-5Wp1sGYxwkZTcni0Ls/sm:1/w:427/h:320/cz/M6Ly9wcm9kLWNhd/GFsb2ctbWVkaWEvaW50LzdCQ0NERjJBNzcxMDREQkI2MENFOUJENT/Q5MjE1QkI3QjY5MzYyNEU3MTAwMTU1N0Y0Q0RGNjhCQjUxRjY1RUYucG5n.png"
    ],
    "image_accessibility": "Steklenica pijače Freeway Hydrate10 z okusom jagode in lubenice.",
    "detailed_images": [
      {
        "url": "https://imgproxy-retcat.assets.schwarz/_-sYVf_eru6SyND5auMBv_HJm6x3aLp2YgtmY2KEYU4/sm:1/w:427/h:320/cz/M6Ly9wcm9kLWNhd/GFsb2ctbWVkaWEvaW50LzdGQTlFRTMxMzFCQzBCODc4MEI5QkFGOU/EzN0Q1QTJGRkFGMEFFNURDNjVGNjdEODcyMTE4NDdEREE1NjdCMUQucG5n.png",
        "accessibility": "Steklenica pijače Freeway Hydrate10 z okusom jagode in lubenice."
      },
      {
        "url": "https://imgproxy-retcat.assets.schwarz/01QR-MSH4L2POk47eUuFhF6xdaywpj5iNt_QDb0FIfc/sm:1/w:427/h:320/cz/M6Ly9wcm9kLWNhd/GFsb2ctbWVkaWEvaW50LzVFQUYwQjVFRkNFMjA5MDIxMzg5MkE3MD/Y5NTJDNjcxRkMwMjk3RUM0QUQ2RDI5NEREM0I0MzYzOEYyQ0YxMTgucG5n.png",
        "accessibility": "Steklenica pijače Freeway Hydrate10 z okusom maline in limone."
      },
      {
        "url": "https://imgproxy-retcat.assets.schwarz/e7xbIuHUrN-Sa9xbyy4Zz9VG-5Wp1sGYxwkZTcni0Ls/sm:1/w:427/h:320/cz/M6Ly9wcm9kLWNhd/GFsb2ctbWVkaWEvaW50LzdCQ0NERjJBNzcxMDREQkI2MENFOUJENT/Q5MjE1QkI3QjY5MzYyNEU3MTAwMTU1N0Y0Q0RGNjhCQjUxRjY1RUYucG5n.png",
        "accessibility": "Osvežilna športna pijača Freeway Hydrate10 z okusom tropskega punča, obogatena z vitamini in minerali."
      }
    ],
    "analytics_category": "Food",
    "more_details": "Dodatne podrobnosti o izdelku",
    "won_category_primary": "Svetovi potreb/Hrana in bližnja hrana/Pijače",
    "won_category_primary_path": "0/17/1720",
    "canonical_path": "/p/freeway-hydrate-pijaca/p10082832",
    "canonical_url": "/p/freeway-hydrate-pijaca/p10082832",
    "awards": [],
    "seals": [],
    "ribbons": [],
    "highlighted_seals": 0,
    "lidl_plus": [],
    "regions": [],
    "ians": [
      "211576"
    ],
    "show_brand": true,
    "deal_of_day_active": false,
    "full_title_meta": "FREEWAY Hydrate pijača",
    "lists": [
      16
    ],
    "preview": false,
    "category_breadcrumbs": [
      {
        "id": "10068374",
        "name": "Hrana in pijača",
        "url": "/c/hrana-in-pijaca/s10068374",
        "hidden": false
      },
      {
        "id": "10071022",
        "name": "Pijače",
        "url": "/h/pijace/h10071022",
        "hidden": false
      }
    ],
    "campaigns": [
      {
        "id": "10025136",
        "name": "Novo v ponudbi",
        "url": "/c/novo-v-ponudbi/a10025136",
        "hidden": false
      }
    ],
    "world_of_needs_code": "1720",
    "world_of_needs_name": "Pijače",
    "world_of_needs_parent": "17",
    "is_main_category": true,
    "super_categories": [
      {
        "code": "17",
        "name": "Hrana in bližnja hrana",
        "parent": "0"
      },
      {
        "code": "0",
        "name": "Svetovi potreb",
        "parent": ""
      }
    ],
    "position": 119,
    "tracking_payload": {
      "searchTrackingMasterId": "Product.10082832",
      "searchTrackingTitle": "Hydrate+pija%C4%8Da",
      "searchTrackingPageSize": 100,
      "searchTrackingPage": 2,
      "searchTrackingEvent": "click",
      "list": "search",
      "searchTrackingId": "Product.10082832",
      "searchTrackingOrigPos": 1,
      "searchTrackingPos": 119,
      "searchTrackingOrigPageSize": 100,
      "searchTrackingChannel": "SI",
      "category": "Food"
    }
  },
  {
    "code": "10082838",
    "name": "Sveži kremni sir",
    "url": "",
    "result_class": "product",
    "type": "product",
    "product_id": 10082838,
    "erp_number": "10082838",
    "item_id": 10082838,
    "full_title": "ABC Sveži kremni sir",
    "title": "Sveži kremni sir",
    "category": "Food",
    "product_type": "RETAIL",
    "age_restriction": false,
    "is_used_product": false,
    "multipack": false,
    "online": false,
    "store": false,
    "quick_add_to_cart": false,
    "flash_sales": false,
    "having_videos": false,
    "having_threesixty": false,
    "price": null,
    "old_price": null,
    "currency_code": "EUR",
    "currency_symbol": "€",
    "has_star": true,
    "has_vat": false,
    "price_theme": null,
    "variants_have_different_prices": false,
    "base_price_text": null,
    "base_price_prefix": null,
    "packaging_text": null,
    "discount_deleted_price": null,
    "discount_text": null,
    "discount_percentage": null,
    "discount_has_star": null,
    "show_discount": null,
    "show_percentage": null,
    "from_recommended_price": null,
    "availability_indicator": 0,
    "online_available": false,
    "min_orderable_quantity": 1,
    "orderable_quantities": [],
    "badge_texts": [
      "V trgovini od 14.07. do 16.07."
    ],
    "badge_types": [
      "IN_STORE_FROM_FUTURE_DATE_RANGE"
    ],
    "main_image": "https://imgproxy-retcat.assets.schwarz/zOo2960WBEhJf8yfSrHM3NMI-46IjuBeIW1hTC7mBOU/sm:1/w:427/h:320/cz/M6Ly9wcm9kLWNhd/GFsb2ctbWVkaWEvc2kvMS80MUZBMzBDMjY5M0Q3NjU0OTIxMDAzNTA/5RDYxRUFBNDYxRjAxNDFGQjNCRkU3Qjg5NzA2QTYwQzhERDBFOTU5LmpwZw.jpg",
    "image_list": [
      "https://imgproxy-retcat.assets.schwarz/zOo2960WBEhJf8yfSrHM3NMI-46IjuBeIW1hTC7mBOU/sm:1/w:427/h:320/cz/M6Ly9wcm9kLWNhd/GFsb2ctbWVkaWEvc2kvMS80MUZBMzBDMjY5M0Q3NjU0OTIxMDAzNTA/5RDYxRUFBNDYxRjAxNDFGQjNCRkU3Qjg5NzA2QTYwQzhERDBFOTU5LmpwZw.jpg"
    ],
    "image_accessibility": "Klasična posoda ABC masla.",
    "detailed_images": [
      {
        "url": "https://imgproxy-retcat.assets.schwarz/zOo2960WBEhJf8yfSrHM3NMI-46IjuBeIW1hTC7mBOU/sm:1/w:427/h:320/cz/M6Ly9wcm9kLWNhd/GFsb2ctbWVkaWEvc2kvMS80MUZBMzBDMjY5M0Q3NjU0OTIxMDAzNTA/5RDYxRUFBNDYxRjAxNDFGQjNCRkU3Qjg5NzA2QTYwQzhERDBFOTU5LmpwZw.jpg",
        "accessibility": "Klasična posoda ABC masla."
      }
    ],
    "analytics_category": "Food",
    "more_details": "Dodatne podrobnosti o izdelku",
    "won_category_primary": "Svetovi potreb/Hrana in bližnja hrana/Sir in mlečni izdelki (vključno z maslom in sirom)",
    "won_category_primary_path": "0/17/1718",
    "canonical_path": "/p/abc-svezi-kremni-sir/p10082838",
    "canonical_url": "/p/abc-svezi-kremni-sir/p10082838",
    "awards": [],
    "seals": [
      {
        "altText": "Logotip Lidl Plus",
        "image": "https://imgproxy-retcat.assets.schwarz/DjNLhjIEpHeUFO-WYf3wploAS16YAf6tVgt5EMshyFs/sm:1/w:140/cz/M6Ly9wcm9kLWNhd/GFsb2ctbWVkaWEvc2kvMi9BMEU2QkJCNEZCQTZENzlEQ0MzRDRFOEM/2REREODBCRjMwQUNFQjJBMDBGREI4RjI1M0Y3MDYzOTFFMTg3RUVGLnBuZw.png"
      },
      {
        "altText": "Nalepka: Hlajeno",
        "image": "https://imgproxy-retcat.assets.schwarz/7x3Iby7aD19hFySDnP2YoXt7E1r0JrvJVj0QO1gUOes/sm:1/w:140/cz/M6Ly9wcm9kLWNhd/GFsb2ctbWVkaWEvc2kvMi8xMzFBN0E2RDlCREZGREQxOEE2OTFDNEZ/FNDE5RTM0QUMxQjY4OEQ0OUY2QTAxMTRDRjQ1RjdCNTNDRjM2NUJBLnBuZw.png"
      }
    ],
    "ribbons": [],
    "highlighted_seals": 0,
    "lidl_plus": [
      {
        "price": {
          "basePrice": {
            "prefix": false,
            "text": "1 kg = 9.95"
          },
          "discount": {
            "deletedPrice": 2.78,
            "discountHasStar": false,
            "discountText": "- 28 %",
            "fromRecommendedPrice": false,
            "showDiscount": true,
            "showFrom": false,
            "showPercentage": true,
            "showUpTo": false
          },
          "displayedCurrency": "€",
          "hasStar": true,
          "hasVat": false,
          "oldPrice": 2.78,
          "packaging": {
            "text": "200 g"
          },
          "price": 1.99,
          "priceTheme": "red_yellow",
          "specialTaxes": []
        },
        "lidlPlusText": "z Lidl Plus",
        "highlightText": "- 28 %"
      }
    ],
    "regions": [],
    "ians": [
      "6902362"
    ],
    "show_brand": true,
    "deal_of_day_active": false,
    "full_title_meta": "ABC Sveži kremni sir",
    "lists": [
      4991
    ],
    "preview": false,
    "category_breadcrumbs": [
      {
        "id": "10068374",
        "name": "Hrana in pijača",
        "url": "/c/hrana-in-pijaca/s10068374",
        "hidden": false
      },
      {
        "id": "10071017",
        "name": " Sir &  Mlečni izdelki",
        "url": "/h/sir-mlecni-izdelki/h10071017",
        "hidden": false
      }
    ],
    "campaigns": [
      {
        "id": "Current_Sales_Week",
        "name": "Ta teden",
        "url": null,
        "hidden": false
      },
      {
        "id": "10024188",
        "name": "Lidl Plus",
        "url": "/c/lidl-plus/a10024188",
        "hidden": false
      }
    ],
    "world_of_needs_code": "1718",
    "world_of_needs_name": "Sir in mlečni izdelki (vključno z maslom in sirom)",
    "world_of_needs_parent": "17",
    "is_main_category": true,
    "super_categories": [
      {
        "code": "17",
        "name": "Hrana in bližnja hrana",
        "parent": "0"
      },
      {
        "code": "0",
        "name": "Svetovi potreb",
        "parent": ""
      }
    ],
    "position": 120,
    "tracking_payload": {
      "searchTrackingMasterId": "Product.10082838",
      "searchTrackingTitle": "Sve%C5%BEi+kremni+sir",
      "searchTrackingPageSize": 100,
      "searchTrackingPage": 2,
      "searchTrackingEvent": "click",
      "list": "search",
      "searchTrackingId": "Product.10082838",
      "searchTrackingOrigPos": 1,
      "searchTrackingPos": 120,
      "searchTrackingOrigPageSize": 100,
      "searchTrackingChannel": "SI",
      "category": "Food"
    }
  },
  {
    "code": "10082963",
    "name": "KitKat vafelj",
    "url": "",
    "result_class": "product",
    "type": "product",
    "product_id": 10082963,
    "erp_number": "10082963",
    "item_id": 10082963,
    "full_title": "NESTLÉ KitKat vafelj",
    "title": "KitKat vafelj",
    "category": "Food",
    "product_type": "RETAIL",
    "age_restriction": false,
    "is_used_product": false,
    "multipack": false,
    "online": false,
    "store": true,
    "quick_add_to_cart": false,
    "flash_sales": false,
    "having_videos": false,
    "having_threesixty": false,
    "price": 1.09,
    "old_price": 0.0,
    "currency_code": "EUR",
    "currency_symbol": "€",
    "has_star": true,
    "has_vat": false,
    "price_theme": "white_red",
    "variants_have_different_prices": false,
    "base_price_text": "1 kg = 26.27",
    "base_price_prefix": false,
    "packaging_text": "41,5 g",
    "discount_deleted_price": null,
    "discount_text": null,
    "discount_percentage": null,
    "discount_has_star": null,
    "show_discount": null,
    "show_percentage": null,
    "from_recommended_price": null,
    "availability_indicator": 0,
    "online_available": false,
    "min_orderable_quantity": 1,
    "orderable_quantities": [],
    "badge_texts": [
      "V trgovini"
    ],
    "badge_types": [
      "IN_STORE"
    ],
    "main_image": "https://imgproxy-retcat.assets.schwarz/ItgYDC00x-dn7BagC_7hsiPmmC8Wt5rAHl4edp_xga0/sm:1/w:427/h:320/cz/M6Ly9wcm9kLWNhd/GFsb2ctbWVkaWEvc2kvMS8zRkY0QTgzNTY3NjIwQjc1NDg2MzlERkR/GQjBDRDhDNTNFNUJDNUNFN0Q5Q0U1QTAyQkIyNUM0M0ZBQjNCRUQyLmpwZw.jpg",
    "image_list": [
      "https://imgproxy-retcat.assets.schwarz/ItgYDC00x-dn7BagC_7hsiPmmC8Wt5rAHl4edp_xga0/sm:1/w:427/h:320/cz/M6Ly9wcm9kLWNhd/GFsb2ctbWVkaWEvc2kvMS8zRkY0QTgzNTY3NjIwQjc1NDg2MzlERkR/GQjBDRDhDNTNFNUJDNUNFN0Q5Q0U1QTAyQkIyNUM0M0ZBQjNCRUQyLmpwZw.jpg"
    ],
    "image_accessibility": "Ovoj KitKat čokolade z lešniki.",
    "detailed_images": [
      {
        "url": "https://imgproxy-retcat.assets.schwarz/ItgYDC00x-dn7BagC_7hsiPmmC8Wt5rAHl4edp_xga0/sm:1/w:427/h:320/cz/M6Ly9wcm9kLWNhd/GFsb2ctbWVkaWEvc2kvMS8zRkY0QTgzNTY3NjIwQjc1NDg2MzlERkR/GQjBDRDhDNTNFNUJDNUNFN0Q5Q0U1QTAyQkIyNUM0M0ZBQjNCRUQyLmpwZw.jpg",
        "accessibility": "Ovoj KitKat čokolade z lešniki."
      }
    ],
    "analytics_category": "Food",
    "more_details": "Dodatne podrobnosti o izdelku",
    "won_category_primary": "Svetovi potreb/Hrana in bližnja hrana/Prigrizki in slaščice",
    "won_category_primary_path": "0/17/1721",
    "canonical_path": "/p/nestle-kitkat-vafelj/p10082963",
    "canonical_url": "/p/nestle-kitkat-vafelj/p10082963",
    "awards": [],
    "seals": [],
    "ribbons": [],
    "highlighted_seals": 0,
    "lidl_plus": [],
    "regions": [],
    "ians": [
      "216512"
    ],
    "show_brand": true,
    "deal_of_day_active": false,
    "full_title_meta": "NESTLÉ KitKat vafelj",
    "lists": [
      16
    ],
    "preview": false,
    "category_breadcrumbs": [
      {
        "id": "10068374",
        "name": "Hrana in pijača",
        "url": "/c/hrana-in-pijaca/s10068374",
        "hidden": false
      },
      {
        "id": "10071044",
        "name": "Prigrizki in sladkarije",
        "url": "/h/prigrizki-in-sladkarije/h10071044",
        "hidden": false
      }
    ],
    "campaigns": [
      {
        "id": "10025136",
        "name": "Novo v ponudbi",
        "url": "/c/novo-v-ponudbi/a10025136",
        "hidden": false
      }
    ],
    "world_of_needs_code": "1721",
    "world_of_needs_name": "Prigrizki in slaščice",
    "world_of_needs_parent": "17",
    "is_main_category": true,
    "super_categories": [
      {
        "code": "17",
        "name": "Hrana in bližnja hrana",
        "parent": "0"
      },
      {
        "code": "0",
        "name": "Svetovi potreb",
        "parent": ""
      }
    ],
    "position": 121,
    "tracking_payload": {
      "searchTrackingMasterId": "Product.10082963",
      "searchTrackingTitle": "KitKat+vafelj",
      "searchTrackingPageSize": 100,
      "searchTrackingPage": 2,
      "searchTrackingEvent": "click",
      "list": "search",
      "searchTrackingId": "Product.10082963",
      "searchTrackingOrigPos": 1,
      "searchTrackingPos": 121,
      "searchTrackingOrigPageSize": 100,
      "searchTrackingChannel": "SI",
      "category": "Food"
    }
  },
  {
    "code": "10082964",
    "name": "Sladoled Tom",
    "url": "",
    "result_class": "product",
    "type": "product",
    "product_id": 10082964,
    "erp_number": "10082964",
    "item_id": 10082964,
    "full_title": "LJUBLJANSKE MLEKARNE Sladoled Tom",
    "title": "Sladoled Tom",
    "category": "Food",
    "product_type": "RETAIL",
    "age_restriction": false,
    "is_used_product": false,
    "multipack": false,
    "online": false,
    "store": true,
    "quick_add_to_cart": false,
    "flash_sales": false,
    "having_videos": false,
    "having_threesixty": false,
    "price": 7.18,
    "old_price": 0.0,
    "currency_code": "EUR",
    "currency_symbol": "€",
    "has_star": true,
    "has_vat": false,
    "price_theme": "white_red",
    "variants_have_different_prices": false,
    "base_price_text": "1 kg = 12.82",
    "base_price_prefix": false,
    "packaging_text": "8 x 70 ml",
    "discount_deleted_price": null,
    "discount_text": null,
    "discount_percentage": null,
    "discount_has_star": null,
    "show_discount": null,
    "show_percentage": null,
    "from_recommended_price": null,
    "availability_indicator": 0,
    "online_available": false,
    "min_orderable_quantity": 1,
    "orderable_quantities": [],
    "badge_texts": [
      "V trgovini"
    ],
    "badge_types": [
      "IN_STORE"
    ],
    "main_image": "https://imgproxy-retcat.assets.schwarz/-Q4Q7Mf28p7FFYAaSJPGHTCK5KlDYQ5bQuyqXXcJElk/sm:1/w:427/h:320/cz/M6Ly9wcm9kLWNhd/GFsb2ctbWVkaWEvc2kvMS85RTJBNkZDQzgwMzM0Q0JEQjRDODQ0NjV/GODQ2NEYxMTI2Q0JCQTFDN0E2ODYyMUE4OERDRDBGNjNCMENFNkRCLmpwZw.jpg",
    "image_list": [
      "https://imgproxy-retcat.assets.schwarz/-Q4Q7Mf28p7FFYAaSJPGHTCK5KlDYQ5bQuyqXXcJElk/sm:1/w:427/h:320/cz/M6Ly9wcm9kLWNhd/GFsb2ctbWVkaWEvc2kvMS85RTJBNkZDQzgwMzM0Q0JEQjRDODQ0NjV/GODQ2NEYxMTI2Q0JCQTFDN0E2ODYyMUE4OERDRDBGNjNCMENFNkRCLmpwZw.jpg"
    ],
    "image_accessibility": "Škatla družabne igre TOM z 8 sestavljankami.",
    "detailed_images": [
      {
        "url": "https://imgproxy-retcat.assets.schwarz/-Q4Q7Mf28p7FFYAaSJPGHTCK5KlDYQ5bQuyqXXcJElk/sm:1/w:427/h:320/cz/M6Ly9wcm9kLWNhd/GFsb2ctbWVkaWEvc2kvMS85RTJBNkZDQzgwMzM0Q0JEQjRDODQ0NjV/GODQ2NEYxMTI2Q0JCQTFDN0E2ODYyMUE4OERDRDBGNjNCMENFNkRCLmpwZw.jpg",
        "accessibility": "Škatla družabne igre TOM z 8 sestavljankami."
      }
    ],
    "analytics_category": "Food",
    "more_details": "Dodatne podrobnosti o izdelku",
    "won_category_primary": "Svetovi potreb/Hrana in bližnja hrana/Sir in mlečni izdelki (vključno z maslom in sirom)",
    "won_category_primary_path": "0/17/1718",
    "canonical_path": "/p/ljubljanske-mlekarne-sladoled-tom/p10082964",
    "canonical_url": "/p/ljubljanske-mlekarne-sladoled-tom/p10082964",
    "awards": [],
    "seals": [
      {
        "altText": "Nalepka: IZBRANA KAKOVOST, dva diamanti",
        "image": "https://imgproxy-retcat.assets.schwarz/wtd5_GfhfuyCgNwAfOv49gnGT4Rn6TY8NjywUVGixAk/sm:1/w:140/cz/M6Ly9wcm9kLWNhd/GFsb2ctbWVkaWEvc2kvMi9ERjg3RTE1MjgwMUFGRjI2RTRDNEZCMTc/zMkQ1NjRFODNBNzZEN0IxNUQ5MDY2Q0U4RDAxMEY5MTUzMzkyQjRCLnBuZw.png"
      }
    ],
    "ribbons": [],
    "highlighted_seals": 0,
    "lidl_plus": [],
    "regions": [],
    "ians": [
      "7302757"
    ],
    "show_brand": true,
    "deal_of_day_active": false,
    "full_title_meta": "LJUBLJANSKE MLEKARNE Sladoled Tom",
    "lists": [
      16
    ],
    "preview": false,
    "category_breadcrumbs": [
      {
        "id": "10068374",
        "name": "Hrana in pijača",
        "url": "/c/hrana-in-pijaca/s10068374",
        "hidden": false
      },
      {
        "id": "10071017",
        "name": " Sir &  Mlečni izdelki",
        "url": "/h/sir-mlecni-izdelki/h10071017",
        "hidden": false
      }
    ],
    "campaigns": [
      {
        "id": "10025136",
        "name": "Novo v ponudbi",
        "url": "/c/novo-v-ponudbi/a10025136",
        "hidden": false
      }
    ],
    "world_of_needs_code": "1718",
    "world_of_needs_name": "Sir in mlečni izdelki (vključno z maslom in sirom)",
    "world_of_needs_parent": "17",
    "is_main_category": true,
    "super_categories": [
      {
        "code": "17",
        "name": "Hrana in bližnja hrana",
        "parent": "0"
      },
      {
        "code": "0",
        "name": "Svetovi potreb",
        "parent": ""
      }
    ],
    "position": 122,
    "tracking_payload": {
      "searchTrackingMasterId": "Product.10082964",
      "searchTrackingTitle": "Sladoled+Tom",
      "searchTrackingPageSize": 100,
      "searchTrackingPage": 2,
      "searchTrackingEvent": "click",
      "list": "search",
      "searchTrackingId": "Product.10082964",
      "searchTrackingOrigPos": 1,
      "searchTrackingPos": 122,
      "searchTrackingOrigPageSize": 100,
      "searchTrackingChannel": "SI",
      "category": "Food"
    }
  },
  {
    "code": "10082965",
    "name": "Sladoled Planica",
    "url": "",
    "result_class": "product",
    "type": "product",
    "product_id": 10082965,
    "erp_number": "10082965",
    "item_id": 10082965,
    "full_title": "LJUBLJANSKE MLEKARNE Sladoled Planica",
    "title": "Sladoled Planica",
    "category": "Food",
    "product_type": "RETAIL",
    "age_restriction": false,
    "is_used_product": false,
    "multipack": false,
    "online": false,
    "store": true,
    "quick_add_to_cart": false,
    "flash_sales": false,
    "having_videos": false,
    "having_threesixty": false,
    "price": 5.98,
    "old_price": 0.0,
    "currency_code": "EUR",
    "currency_symbol": "€",
    "has_star": true,
    "has_vat": false,
    "price_theme": "white_red",
    "variants_have_different_prices": false,
    "base_price_text": null,
    "base_price_prefix": null,
    "packaging_text": "1 l",
    "discount_deleted_price": null,
    "discount_text": null,
    "discount_percentage": null,
    "discount_has_star": null,
    "show_discount": null,
    "show_percentage": null,
    "from_recommended_price": null,
    "availability_indicator": 0,
    "online_available": false,
    "min_orderable_quantity": 1,
    "orderable_quantities": [],
    "badge_texts": [
      "V trgovini"
    ],
    "badge_types": [
      "IN_STORE"
    ],
    "main_image": "https://imgproxy-retcat.assets.schwarz/l9EDIUGsW5QR_zu-merNjeRAXS9ahNwc4j3VOvM8kbk/sm:1/w:427/h:320/cz/M6Ly9wcm9kLWNhd/GFsb2ctbWVkaWEvaW50LzZDNjRFRTExMDBGNUFCNTExODQ5RTM3ND/QxNzkxMkNCQzM4QjQyNEEyODI5QzRCNzZCRjdENUQ0NDBBODQxRTUucG5n.png",
    "image_list": [
      "https://imgproxy-retcat.assets.schwarz/l9EDIUGsW5QR_zu-merNjeRAXS9ahNwc4j3VOvM8kbk/sm:1/w:427/h:320/cz/M6Ly9wcm9kLWNhd/GFsb2ctbWVkaWEvaW50LzZDNjRFRTExMDBGNUFCNTExODQ5RTM3ND/QxNzkxMkNCQzM4QjQyNEEyODI5QzRCNzZCRjdENUQ0NDBBODQxRTUucG5n.png"
    ],
    "image_accessibility": "Planica original sladoled v posodi 1000 ml z okusom vanilije, jagode in čokolade.",
    "detailed_images": [
      {
        "url": "https://imgproxy-retcat.assets.schwarz/l9EDIUGsW5QR_zu-merNjeRAXS9ahNwc4j3VOvM8kbk/sm:1/w:427/h:320/cz/M6Ly9wcm9kLWNhd/GFsb2ctbWVkaWEvaW50LzZDNjRFRTExMDBGNUFCNTExODQ5RTM3ND/QxNzkxMkNCQzM4QjQyNEEyODI5QzRCNzZCRjdENUQ0NDBBODQxRTUucG5n.png",
        "accessibility": "Planica original sladoled v posodi 1000 ml z okusom vanilije, jagode in čokolade."
      }
    ],
    "analytics_category": "Food",
    "more_details": "Dodatne podrobnosti o izdelku",
    "won_category_primary": "Svetovi potreb/Hrana in bližnja hrana/Sir in mlečni izdelki (vključno z maslom in sirom)",
    "won_category_primary_path": "0/17/1718",
    "canonical_path": "/p/ljubljanske-mlekarne-sladoled-planica/p10082965",
    "canonical_url": "/p/ljubljanske-mlekarne-sladoled-planica/p10082965",
    "awards": [],
    "seals": [
      {
        "altText": "Nalepka: IZBRANA KAKOVOST, dva diamanti",
        "image": "https://imgproxy-retcat.assets.schwarz/wtd5_GfhfuyCgNwAfOv49gnGT4Rn6TY8NjywUVGixAk/sm:1/w:140/cz/M6Ly9wcm9kLWNhd/GFsb2ctbWVkaWEvc2kvMi9ERjg3RTE1MjgwMUFGRjI2RTRDNEZCMTc/zMkQ1NjRFODNBNzZEN0IxNUQ5MDY2Q0U4RDAxMEY5MTUzMzkyQjRCLnBuZw.png"
      }
    ],
    "ribbons": [],
    "highlighted_seals": 0,
    "lidl_plus": [],
    "regions": [],
    "ians": [
      "7308760"
    ],
    "show_brand": true,
    "deal_of_day_active": false,
    "full_title_meta": "LJUBLJANSKE MLEKARNE Sladoled Planica",
    "lists": [
      16
    ],
    "preview": false,
    "category_breadcrumbs": [
      {
        "id": "10068374",
        "name": "Hrana in pijača",
        "url": "/c/hrana-in-pijaca/s10068374",
        "hidden": false
      },
      {
        "id": "10071017",
        "name": " Sir &  Mlečni izdelki",
        "url": "/h/sir-mlecni-izdelki/h10071017",
        "hidden": false
      }
    ],
    "campaigns": [
      {
        "id": "10025136",
        "name": "Novo v ponudbi",
        "url": "/c/novo-v-ponudbi/a10025136",
        "hidden": false
      }
    ],
    "world_of_needs_code": "1718",
    "world_of_needs_name": "Sir in mlečni izdelki (vključno z maslom in sirom)",
    "world_of_needs_parent": "17",
    "is_main_category": true,
    "super_categories": [
      {
        "code": "17",
        "name": "Hrana in bližnja hrana",
        "parent": "0"
      },
      {
        "code": "0",
        "name": "Svetovi potreb",
        "parent": ""
      }
    ],
    "position": 123,
    "tracking_payload": {
      "searchTrackingMasterId": "Product.10082965",
      "searchTrackingTitle": "Sladoled+Planica",
      "searchTrackingPageSize": 100,
      "searchTrackingPage": 2,
      "searchTrackingEvent": "click",
      "list": "search",
      "searchTrackingId": "Product.10082965",
      "searchTrackingOrigPos": 1,
      "searchTrackingPos": 123,
      "searchTrackingOrigPageSize": 100,
      "searchTrackingChannel": "SI",
      "category": "Food"
    }
  },
  {
    "code": "10072915",
    "name": "Čokolada s celimi lešniki",
    "url": "",
    "result_class": "product",
    "type": "product",
    "product_id": 10072915,
    "erp_number": "10072915",
    "item_id": 10072915,
    "full_title": "FIN CARRE Čokolada s celimi lešniki",
    "title": "Čokolada s celimi lešniki",
    "category": "Food",
    "product_type": "RETAIL",
    "age_restriction": false,
    "is_used_product": false,
    "multipack": false,
    "online": false,
    "store": false,
    "quick_add_to_cart": false,
    "flash_sales": false,
    "having_videos": false,
    "having_threesixty": false,
    "price": null,
    "old_price": null,
    "currency_code": "EUR",
    "currency_symbol": "€",
    "has_star": true,
    "has_vat": false,
    "price_theme": null,
    "variants_have_different_prices": false,
    "base_price_text": null,
    "base_price_prefix": null,
    "packaging_text": null,
    "discount_deleted_price": null,
    "discount_text": null,
    "discount_percentage": null,
    "discount_has_star": null,
    "show_discount": null,
    "show_percentage": null,
    "from_recommended_price": null,
    "availability_indicator": 0,
    "online_available": false,
    "min_orderable_quantity": 1,
    "orderable_quantities": [],
    "badge_texts": [
      "V trgovini od 10.07. do 16.07."
    ],
    "badge_types": [
      "IN_STORE_FROM_FUTURE_DATE_RANGE"
    ],
    "main_image": "https://imgproxy-retcat.assets.schwarz/NiYvzNkg37BBt7lx5j32_gG6caOCxHB1mpKhVNcJEzs/sm:1/w:427/h:320/cz/M6Ly9wcm9kLWNhd/GFsb2ctbWVkaWEvc2kvMS9DMTk4RDVDNTQxQ0EyOUM0RkMwOTYzRjU/0Mjk3NkM5MDM0MTI4MjYwN0I1NDJENkMyMDRGMjUzOUQ2OURFMzZBLmpwZw.jpg",
    "image_list": [
      "https://imgproxy-retcat.assets.schwarz/NiYvzNkg37BBt7lx5j32_gG6caOCxHB1mpKhVNcJEzs/sm:1/w:427/h:320/cz/M6Ly9wcm9kLWNhd/GFsb2ctbWVkaWEvc2kvMS9DMTk4RDVDNTQxQ0EyOUM0RkMwOTYzRjU/0Mjk3NkM5MDM0MTI4MjYwN0I1NDJENkMyMDRGMjUzOUQ2OURFMzZBLmpwZw.jpg"
    ],
    "image_accessibility": "Trije paketi čokolade Callebaut s celimi oreščki.",
    "detailed_images": [
      {
        "url": "https://imgproxy-retcat.assets.schwarz/NiYvzNkg37BBt7lx5j32_gG6caOCxHB1mpKhVNcJEzs/sm:1/w:427/h:320/cz/M6Ly9wcm9kLWNhd/GFsb2ctbWVkaWEvc2kvMS9DMTk4RDVDNTQxQ0EyOUM0RkMwOTYzRjU/0Mjk3NkM5MDM0MTI4MjYwN0I1NDJENkMyMDRGMjUzOUQ2OURFMzZBLmpwZw.jpg",
        "accessibility": "Trije paketi čokolade Callebaut s celimi oreščki."
      }
    ],
    "analytics_category": "Food",
    "more_details": "Dodatne podrobnosti o izdelku",
    "won_category_primary": "Svetovi potreb/Hrana in bližnja hrana/Prigrizki in slaščice",
    "won_category_primary_path": "0/17/1721",
    "canonical_path": "/p/fin-carre-cokolada-s-celimi-lesniki/p10072915",
    "canonical_url": "/p/fin-carre-cokolada-s-celimi-lesniki/p10072915",
    "awards": [],
    "seals": [
      {
        "altText": "Logotip Lidl Plus",
        "image": "https://imgproxy-retcat.assets.schwarz/DjNLhjIEpHeUFO-WYf3wploAS16YAf6tVgt5EMshyFs/sm:1/w:140/cz/M6Ly9wcm9kLWNhd/GFsb2ctbWVkaWEvc2kvMi9BMEU2QkJCNEZCQTZENzlEQ0MzRDRFOEM/2REREODBCRjMwQUNFQjJBMDBGREI4RjI1M0Y3MDYzOTFFMTg3RUVGLnBuZw.png"
      },
      {
        "altText": "Fairtrade kakav",
        "image": "https://imgproxy-retcat.assets.schwarz/Ev56WuA4alomi2ueNXSfh4fTBQrmkb_e9o3Rn2ggm2Y/sm:1/w:140/cz/M6Ly9wcm9kLWNhd/GFsb2ctbWVkaWEvc2kvMi9EM0U1RTc1N0I2QzkzODFDMjVDMDU4NjR/BRTNGQ0NBRDVGQTM0RkE2NjRDQkU0QjczNkU3RjI5RTIyRkMwMjUzLnBuZw.png"
      }
    ],
    "ribbons": [],
    "highlighted_seals": 0,
    "lidl_plus": [
      {
        "price": {
          "basePrice": {
            "prefix": false,
            "text": "1 kg = 8.60"
          },
          "discount": {
            "discountHasStar": false,
            "fromRecommendedPrice": false,
            "showDiscount": false,
            "showFrom": false,
            "showPercentage": false,
            "showUpTo": false
          },
          "displayedCurrency": "€",
          "hasStar": true,
          "hasVat": false,
          "packaging": {
            "text": "cena za kos ob nakupu 3 kosov"
          },
          "price": 0.86,
          "priceTheme": "red_yellow",
          "specialTaxes": []
        },
        "lidlPlusText": "z Lidl Plus",
        "highlightText": "2 + 1 GRATIS"
      }
    ],
    "regions": [],
    "ians": [
      "27524"
    ],
    "show_brand": true,
    "deal_of_day_active": false,
    "full_title_meta": "FIN CARRE Čokolada s celimi lešniki",
    "lists": [
      4991
    ],
    "preview": false,
    "category_breadcrumbs": [
      {
        "id": "10068374",
        "name": "Hrana in pijača",
        "url": "/c/hrana-in-pijaca/s10068374",
        "hidden": false
      },
      {
        "id": "10071044",
        "name": "Prigrizki in sladkarije",
        "url": "/h/prigrizki-in-sladkarije/h10071044",
        "hidden": false
      }
    ],
    "campaigns": [
      {
        "id": "Current_Sales_Week",
        "name": "Ta teden",
        "url": null,
        "hidden": false
      },
      {
        "id": "10024188",
        "name": "Lidl Plus",
        "url": "/c/lidl-plus/a10024188",
        "hidden": false
      }
    ],
    "world_of_needs_code": "1721",
    "world_of_needs_name": "Prigrizki in slaščice",
    "world_of_needs_parent": "17",
    "is_main_category": true,
    "super_categories": [
      {
        "code": "17",
        "name": "Hrana in bližnja hrana",
        "parent": "0"
      },
      {
        "code": "0",
        "name": "Svetovi potreb",
        "parent": ""
      }
    ],
    "position": 124,
    "tracking_payload": {
      "searchTrackingMasterId": "Product.10072915",
      "searchTrackingTitle": "%C4%8Cokolada+s+celimi+le%C5%A1niki",
      "searchTrackingPageSize": 100,
      "searchTrackingPage": 2,
      "searchTrackingEvent": "click",
      "list": "search",
      "searchTrackingId": "Product.10072915",
      "searchTrackingOrigPos": 1,
      "searchTrackingPos": 124,
      "searchTrackingOrigPageSize": 100,
      "searchTrackingChannel": "SI",
      "category": "Food"
    }
  },
  {
    "code": "10073805",
    "name": "Sun Care Marmelada",
    "url": "",
    "result_class": "product",
    "type": "product",
    "product_id": 10073805,
    "erp_number": "10073805",
    "item_id": 10073805,
    "full_title": "AFRODITA KOZMETIKA Sun Care Marmelada",
    "title": "Sun Care Marmelada",
    "category": "Food",
    "product_type": "RETAIL",
    "age_restriction": false,
    "is_used_product": false,
    "multipack": false,
    "online": false,
    "store": false,
    "quick_add_to_cart": false,
    "flash_sales": false,
    "having_videos": false,
    "having_threesixty": false,
    "price": 9.99,
    "old_price": 0.0,
    "currency_code": "EUR",
    "currency_symbol": "€",
    "has_star": true,
    "has_vat": false,
    "price_theme": "white_red",
    "variants_have_different_prices": false,
    "base_price_text": "1 l = 66.60",
    "base_price_prefix": false,
    "packaging_text": "150 ml",
    "discount_deleted_price": null,
    "discount_text": "ZGRABITE PRILOŽNOST!",
    "discount_percentage": null,
    "discount_has_star": false,
    "show_discount": false,
    "show_percentage": false,
    "from_recommended_price": false,
    "availability_indicator": 0,
    "online_available": false,
    "min_orderable_quantity": 1,
    "orderable_quantities": [],
    "badge_texts": [
      "V trgovini od 10.07. do 16.07."
    ],
    "badge_types": [
      "IN_STORE_FROM_FUTURE_DATE_RANGE"
    ],
    "main_image": "https://imgproxy-retcat.assets.schwarz/iFwaKooKB6jbnJHHUMHc2kQqipesmdR2nwrmvL9LdbQ/sm:1/w:427/h:320/cz/M6Ly9wcm9kLWNhd/GFsb2ctbWVkaWEvc2kvMS9BMEQ0NjhENzRDQTJGQjk0QkZCMkEzOEV/BMEM1MDhCOUUyQUYxRUYwRkMxMTFBOERBREIxRkMxRjhDN0NBM0RELmpwZw.jpg",
    "image_list": [
      "https://imgproxy-retcat.assets.schwarz/iFwaKooKB6jbnJHHUMHc2kQqipesmdR2nwrmvL9LdbQ/sm:1/w:427/h:320/cz/M6Ly9wcm9kLWNhd/GFsb2ctbWVkaWEvc2kvMS9BMEQ0NjhENzRDQTJGQjk0QkZCMkEzOEV/BMEM1MDhCOUUyQUYxRUYwRkMxMTFBOERBREIxRkMxRjhDN0NBM0RELmpwZw.jpg"
    ],
    "image_accessibility": "Ambre Solaire samoporjavitveni sprej za hitrejše porjavitev.",
    "detailed_images": [
      {
        "url": "https://imgproxy-retcat.assets.schwarz/iFwaKooKB6jbnJHHUMHc2kQqipesmdR2nwrmvL9LdbQ/sm:1/w:427/h:320/cz/M6Ly9wcm9kLWNhd/GFsb2ctbWVkaWEvc2kvMS9BMEQ0NjhENzRDQTJGQjk0QkZCMkEzOEV/BMEM1MDhCOUUyQUYxRUYwRkMxMTFBOERBREIxRkMxRjhDN0NBM0RELmpwZw.jpg",
        "accessibility": "Ambre Solaire samoporjavitveni sprej za hitrejše porjavitev."
      }
    ],
    "analytics_category": "Food",
    "more_details": "Dodatne podrobnosti o izdelku",
    "won_category_primary": "Svetovi potreb/Hrana in bližnja hrana/Džem, marmelada in med",
    "won_category_primary_path": "0/17/1712",
    "canonical_path": "/p/afrodita-kozmetika-sun-care-marmelada/p10073805",
    "canonical_url": "/p/afrodita-kozmetika-sun-care-marmelada/p10073805",
    "awards": [],
    "seals": [
      {
        "altText": "Slovenski izdelek",
        "image": "https://imgproxy-retcat.assets.schwarz/065GlWscfuyzRNlqdEjgEaZNE6893872XSglFaanlJA/sm:1/w:140/cz/M6Ly9wcm9kLWNhd/GFsb2ctbWVkaWEvc2kvMi83RTk4NkYyRDk1MTlDRUJBNzA1N0JGMzA/1QjA1NjUyRjVCMjMzNzZGRjY4MzVEREFGQzIwQzE5NDVFQUE5M0RCLnBuZw.png"
      }
    ],
    "ribbons": [],
    "highlighted_seals": 0,
    "lidl_plus": [],
    "regions": [],
    "ians": [
      "7307655"
    ],
    "show_brand": true,
    "deal_of_day_active": false,
    "full_title_meta": "AFRODITA KOZMETIKA Sun Care Marmelada",
    "lists": [
      4991
    ],
    "preview": false,
    "category_breadcrumbs": [
      {
        "id": "10068374",
        "name": "Hrana in pijača",
        "url": "/c/hrana-in-pijaca/s10068374",
        "hidden": false
      },
      {
        "id": "10071684",
        "name": "Džemi in namazi",
        "url": "/h/dzemi-in-namazi/h10071684",
        "hidden": false
      }
    ],
    "campaigns": [
      {
        "id": "Current_Sales_Week",
        "name": "Ta teden",
        "url": null,
        "hidden": false
      },
      {
        "id": "10075258",
        "name": "Tvoja Lidl cena",
        "url": "/c/tvoja-lidl-cena/a10075258",
        "hidden": false
      }
    ],
    "world_of_needs_code": "1712",
    "world_of_needs_name": "Džem, marmelada in med",
    "world_of_needs_parent": "17",
    "is_main_category": true,
    "super_categories": [
      {
        "code": "17",
        "name": "Hrana in bližnja hrana",
        "parent": "0"
      },
      {
        "code": "0",
        "name": "Svetovi potreb",
        "parent": ""
      }
    ],
    "position": 125,
    "tracking_payload": {
      "searchTrackingMasterId": "Product.10073805",
      "searchTrackingTitle": "Sun+Care+Marmelada",
      "searchTrackingPageSize": 100,
      "searchTrackingPage": 2,
      "searchTrackingEvent": "click",
      "list": "search",
      "searchTrackingId": "Product.10073805",
      "searchTrackingOrigPos": 1,
      "searchTrackingPos": 125,
      "searchTrackingOrigPageSize": 100,
      "searchTrackingChannel": "SI",
      "category": "Food"
    }
  },
  {
    "code": "10073807",
    "name": "Sun Care otroško mleko za zaščito pred soncem",
    "url": "",
    "result_class": "product",
    "type": "product",
    "product_id": 10073807,
    "erp_number": "10073807",
    "item_id": 10073807,
    "full_title": "AFRODITA KOZMETIKA Sun Care otroško mleko za zaščito pred soncem",
    "title": "Sun Care otroško mleko za zaščito pred soncem",
    "category": "Food",
    "product_type": "RETAIL",
    "age_restriction": false,
    "is_used_product": false,
    "multipack": false,
    "online": false,
    "store": false,
    "quick_add_to_cart": false,
    "flash_sales": false,
    "having_videos": false,
    "having_threesixty": false,
    "price": 12.99,
    "old_price": 0.0,
    "currency_code": "EUR",
    "currency_symbol": "€",
    "has_star": true,
    "has_vat": false,
    "price_theme": "white_red",
    "variants_have_different_prices": false,
    "base_price_text": "1 l = 64.95",
    "base_price_prefix": false,
    "packaging_text": "200 ml",
    "discount_deleted_price": null,
    "discount_text": "ZGRABITE PRILOŽNOST!",
    "discount_percentage": null,
    "discount_has_star": false,
    "show_discount": false,
    "show_percentage": false,
    "from_recommended_price": false,
    "availability_indicator": 0,
    "online_available": false,
    "min_orderable_quantity": 1,
    "orderable_quantities": [],
    "badge_texts": [
      "V trgovini od 10.07. do 16.07."
    ],
    "badge_types": [
      "IN_STORE_FROM_FUTURE_DATE_RANGE"
    ],
    "main_image": "https://imgproxy-retcat.assets.schwarz/_puDKiVhSb7ULRhqKdcqwTYle9lyHqYW3PSd-j5d3UI/sm:1/w:427/h:320/cz/M6Ly9wcm9kLWNhd/GFsb2ctbWVkaWEvc2kvMS84RkMwODIwQUJBNkM1REJCNTM1QzRCRkY/2RDY2QUY3MEU4MTU1M0ZCNENENkYxNUIyNUI2NzU5MzYyNUI2QTM3LmpwZw.jpg",
    "image_list": [
      "https://imgproxy-retcat.assets.schwarz/_puDKiVhSb7ULRhqKdcqwTYle9lyHqYW3PSd-j5d3UI/sm:1/w:427/h:320/cz/M6Ly9wcm9kLWNhd/GFsb2ctbWVkaWEvc2kvMS84RkMwODIwQUJBNkM1REJCNTM1QzRCRkY/2RDY2QUY3MEU4MTU1M0ZCNENENkYxNUIyNUI2NzU5MzYyNUI2QTM3LmpwZw.jpg"
    ],
    "image_accessibility": "Sončna zaščita Vichy Sun Care SPF 30 v spreju.",
    "detailed_images": [
      {
        "url": "https://imgproxy-retcat.assets.schwarz/_puDKiVhSb7ULRhqKdcqwTYle9lyHqYW3PSd-j5d3UI/sm:1/w:427/h:320/cz/M6Ly9wcm9kLWNhd/GFsb2ctbWVkaWEvc2kvMS84RkMwODIwQUJBNkM1REJCNTM1QzRCRkY/2RDY2QUY3MEU4MTU1M0ZCNENENkYxNUIyNUI2NzU5MzYyNUI2QTM3LmpwZw.jpg",
        "accessibility": "Sončna zaščita Vichy Sun Care SPF 30 v spreju."
      }
    ],
    "analytics_category": "Food",
    "more_details": "Dodatne podrobnosti o izdelku",
    "won_category_primary": "Svetovi potreb/Hrana in bližnja hrana/Drogerija - higiena, otroška hrana, kozmetika, čistila",
    "won_category_primary_path": "0/17/1723",
    "canonical_path": "/p/afrodita-kozmetika-sun-care-otrosko-mleko-za-zascito-pred-soncem/p10073807",
    "canonical_url": "/p/afrodita-kozmetika-sun-care-otrosko-mleko-za-zascito-pred-soncem/p10073807",
    "awards": [],
    "seals": [
      {
        "altText": "Slovenski izdelek",
        "image": "https://imgproxy-retcat.assets.schwarz/065GlWscfuyzRNlqdEjgEaZNE6893872XSglFaanlJA/sm:1/w:140/cz/M6Ly9wcm9kLWNhd/GFsb2ctbWVkaWEvc2kvMi83RTk4NkYyRDk1MTlDRUJBNzA1N0JGMzA/1QjA1NjUyRjVCMjMzNzZGRjY4MzVEREFGQzIwQzE5NDVFQUE5M0RCLnBuZw.png"
      }
    ],
    "ribbons": [],
    "highlighted_seals": 0,
    "lidl_plus": [],
    "regions": [],
    "ians": [
      "7307656"
    ],
    "show_brand": true,
    "deal_of_day_active": false,
    "full_title_meta": "AFRODITA KOZMETIKA Sun Care otroško mleko za zaščito pred soncem",
    "lists": [
      4991
    ],
    "preview": false,
    "category_breadcrumbs": [
      {
        "id": "10068374",
        "name": "Hrana in pijača",
        "url": "/c/hrana-in-pijaca/s10068374",
        "hidden": false
      },
      {
        "id": "10071019",
        "name": "Osebna nega",
        "url": "/h/osebna-nega/h10071019",
        "hidden": false
      }
    ],
    "campaigns": [
      {
        "id": "Current_Sales_Week",
        "name": "Ta teden",
        "url": null,
        "hidden": false
      },
      {
        "id": "10075258",
        "name": "Tvoja Lidl cena",
        "url": "/c/tvoja-lidl-cena/a10075258",
        "hidden": false
      }
    ],
    "world_of_needs_code": "1723",
    "world_of_needs_name": "Drogerija - higiena, otroška hrana, kozmetika, čistila",
    "world_of_needs_parent": "17",
    "is_main_category": true,
    "super_categories": [
      {
        "code": "17",
        "name": "Hrana in bližnja hrana",
        "parent": "0"
      },
      {
        "code": "0",
        "name": "Svetovi potreb",
        "parent": ""
      }
    ],
    "position": 126,
    "tracking_payload": {
      "searchTrackingMasterId": "Product.10073807",
      "searchTrackingTitle": "Sun+Care+otro%C5%A1ko+mleko+za+za%C5%A1%C4%8Dito+pred+soncem",
      "searchTrackingPageSize": 100,
      "searchTrackingPage": 2,
      "searchTrackingEvent": "click",
      "list": "search",
      "searchTrackingId": "Product.10073807",
      "searchTrackingOrigPos": 1,
      "searchTrackingPos": 126,
      "searchTrackingOrigPageSize": 100,
      "searchTrackingChannel": "SI",
      "category": "Food"
    }
  },
  {
    "code": "10074578",
    "name": "Sveža polnjena vešalica",
    "url": "",
    "result_class": "product",
    "type": "product",
    "product_id": 10074578,
    "erp_number": "10074578",
    "item_id": 10074578,
    "full_title": "ŽAR LEGENDE Sveža polnjena vešalica",
    "title": "Sveža polnjena vešalica",
    "category": "Food",
    "product_type": "RETAIL",
    "age_restriction": false,
    "is_used_product": false,
    "multipack": false,
    "online": false,
    "store": false,
    "quick_add_to_cart": false,
    "flash_sales": false,
    "having_videos": false,
    "having_threesixty": false,
    "price": 3.99,
    "old_price": 0.0,
    "currency_code": "EUR",
    "currency_symbol": "€",
    "has_star": true,
    "has_vat": false,
    "price_theme": "white_red",
    "variants_have_different_prices": false,
    "base_price_text": "1 kg = 9.50",
    "base_price_prefix": false,
    "packaging_text": "420 g",
    "discount_deleted_price": null,
    "discount_text": "ZGRABITE PRILOŽNOST!",
    "discount_percentage": null,
    "discount_has_star": false,
    "show_discount": false,
    "show_percentage": false,
    "from_recommended_price": false,
    "availability_indicator": 0,
    "online_available": false,
    "min_orderable_quantity": 1,
    "orderable_quantities": [],
    "badge_texts": [
      "V trgovini od 10.07. do 16.07."
    ],
    "badge_types": [
      "IN_STORE_FROM_FUTURE_DATE_RANGE"
    ],
    "main_image": "https://imgproxy-retcat.assets.schwarz/DgUqGImDVXy7HcXy76f8rvEZwKhu38Ne0LvCJQWl768/sm:1/w:427/h:320/cz/M6Ly9wcm9kLWNhd/GFsb2ctbWVkaWEvc2kvMS8yQkZBOTZEQ0I5MzU3QUE2QzQzQTZENTB/GRUM2RkRBQzk4NjlBNkNEODQ0RTQ4MjkwNEFBMDBDMTE3OUJEQ0FGLmpwZw.jpg",
    "image_list": [
      "https://imgproxy-retcat.assets.schwarz/DgUqGImDVXy7HcXy76f8rvEZwKhu38Ne0LvCJQWl768/sm:1/w:427/h:320/cz/M6Ly9wcm9kLWNhd/GFsb2ctbWVkaWEvc2kvMS8yQkZBOTZEQ0I5MzU3QUE2QzQzQTZENTB/GRUM2RkRBQzk4NjlBNkNEODQ0RTQ4MjkwNEFBMDBDMTE3OUJEQ0FGLmpwZw.jpg"
    ],
    "image_accessibility": "Pakiranje dveh svinjskih zrezkov MyMeat v črni ponvi.",
    "detailed_images": [
      {
        "url": "https://imgproxy-retcat.assets.schwarz/DgUqGImDVXy7HcXy76f8rvEZwKhu38Ne0LvCJQWl768/sm:1/w:427/h:320/cz/M6Ly9wcm9kLWNhd/GFsb2ctbWVkaWEvc2kvMS8yQkZBOTZEQ0I5MzU3QUE2QzQzQTZENTB/GRUM2RkRBQzk4NjlBNkNEODQ0RTQ4MjkwNEFBMDBDMTE3OUJEQ0FGLmpwZw.jpg",
        "accessibility": "Pakiranje dveh svinjskih zrezkov MyMeat v črni ponvi."
      }
    ],
    "analytics_category": "Food",
    "more_details": "Dodatne podrobnosti o izdelku",
    "won_category_primary": "Svetovi potreb/Hrana in bližnja hrana/Pripravljene jedi (razen zamrznjene pice itd. in pekovskih izdelkov)",
    "won_category_primary_path": "0/17/1711",
    "canonical_path": "/p/zar-legende-sveza-polnjena-vesalica/p10074578",
    "canonical_url": "/p/zar-legende-sveza-polnjena-vesalica/p10074578",
    "awards": [],
    "seals": [
      {
        "altText": "Slovenski izdelek",
        "image": "https://imgproxy-retcat.assets.schwarz/065GlWscfuyzRNlqdEjgEaZNE6893872XSglFaanlJA/sm:1/w:140/cz/M6Ly9wcm9kLWNhd/GFsb2ctbWVkaWEvc2kvMi83RTk4NkYyRDk1MTlDRUJBNzA1N0JGMzA/1QjA1NjUyRjVCMjMzNzZGRjY4MzVEREFGQzIwQzE5NDVFQUE5M0RCLnBuZw.png"
      }
    ],
    "ribbons": [],
    "highlighted_seals": 0,
    "lidl_plus": [],
    "regions": [],
    "ians": [
      "7305636"
    ],
    "show_brand": true,
    "deal_of_day_active": false,
    "full_title_meta": "ŽAR LEGENDE Sveža polnjena vešalica",
    "lists": [
      4991
    ],
    "preview": false,
    "category_breadcrumbs": [
      {
        "id": "10068374",
        "name": "Hrana in pijača",
        "url": "/c/hrana-in-pijaca/s10068374",
        "hidden": false
      },
      {
        "id": "10071020",
        "name": "Gotove jed",
        "url": "/h/gotove-jed/h10071020",
        "hidden": false
      }
    ],
    "campaigns": [
      {
        "id": "Current_Sales_Week",
        "name": "Ta teden",
        "url": null,
        "hidden": false
      },
      {
        "id": "10075258",
        "name": "Tvoja Lidl cena",
        "url": "/c/tvoja-lidl-cena/a10075258",
        "hidden": false
      }
    ],
    "world_of_needs_code": "1711",
    "world_of_needs_name": "Pripravljene jedi (razen zamrznjene pice itd. in pekovskih izdelkov)",
    "world_of_needs_parent": "17",
    "is_main_category": true,
    "super_categories": [
      {
        "code": "17",
        "name": "Hrana in bližnja hrana",
        "parent": "0"
      },
      {
        "code": "0",
        "name": "Svetovi potreb",
        "parent": ""
      }
    ],
    "position": 127,
    "tracking_payload": {
      "searchTrackingMasterId": "Product.10074578",
      "searchTrackingTitle": "Sve%C5%BEa+polnjena+ve%C5%A1alica",
      "searchTrackingPageSize": 100,
      "searchTrackingPage": 2,
      "searchTrackingEvent": "click",
      "list": "search",
      "searchTrackingId": "Product.10074578",
      "searchTrackingOrigPos": 1,
      "searchTrackingPos": 127,
      "searchTrackingOrigPageSize": 100,
      "searchTrackingChannel": "SI",
      "category": "Food"
    }
  },
  {
    "code": "10075201",
    "name": "Sladoled v banjici",
    "url": "",
    "result_class": "product",
    "type": "product",
    "product_id": 10075201,
    "erp_number": "10075201",
    "item_id": 10075201,
    "full_title": "BON GELATI Sladoled v banjici",
    "title": "Sladoled v banjici",
    "category": "Food",
    "product_type": "RETAIL",
    "age_restriction": false,
    "is_used_product": false,
    "multipack": false,
    "online": false,
    "store": false,
    "quick_add_to_cart": false,
    "flash_sales": false,
    "having_videos": false,
    "having_threesixty": false,
    "price": null,
    "old_price": null,
    "currency_code": "EUR",
    "currency_symbol": "€",
    "has_star": true,
    "has_vat": false,
    "price_theme": null,
    "variants_have_different_prices": false,
    "base_price_text": null,
    "base_price_prefix": null,
    "packaging_text": null,
    "discount_deleted_price": null,
    "discount_text": null,
    "discount_percentage": null,
    "discount_has_star": null,
    "show_discount": null,
    "show_percentage": null,
    "from_recommended_price": null,
    "availability_indicator": 0,
    "online_available": false,
    "min_orderable_quantity": 1,
    "orderable_quantities": [],
    "badge_texts": [
      "V trgovini od 10.07. do 12.07."
    ],
    "badge_types": [
      "IN_STORE_FROM_FUTURE_DATE_RANGE"
    ],
    "main_image": "https://imgproxy-retcat.assets.schwarz/LI_L2hEMVL9adLPwyDvfIdprNcdm0TIADWAsFrght2s/sm:1/w:427/h:320/cz/M6Ly9wcm9kLWNhd/GFsb2ctbWVkaWEvc2kvMS80NzBDQzRBMjU5QzAzNzZCQzJCNTVCRjg/xODFDRkE5Q0I4NDE3QUM4NEVGMkNGRDI2QjA2Q0VDRTJEQUUwQUQwLmpwZw.jpg",
    "image_list": [
      "https://imgproxy-retcat.assets.schwarz/LI_L2hEMVL9adLPwyDvfIdprNcdm0TIADWAsFrght2s/sm:1/w:427/h:320/cz/M6Ly9wcm9kLWNhd/GFsb2ctbWVkaWEvc2kvMS80NzBDQzRBMjU5QzAzNzZCQzJCNTVCRjg/xODFDRkE5Q0I4NDE3QUM4NEVGMkNGRDI2QjA2Q0VDRTJEQUUwQUQwLmpwZw.jpg"
    ],
    "image_accessibility": "Različne okusne posode sladoleda Breyers.",
    "detailed_images": [
      {
        "url": "https://imgproxy-retcat.assets.schwarz/LI_L2hEMVL9adLPwyDvfIdprNcdm0TIADWAsFrght2s/sm:1/w:427/h:320/cz/M6Ly9wcm9kLWNhd/GFsb2ctbWVkaWEvc2kvMS80NzBDQzRBMjU5QzAzNzZCQzJCNTVCRjg/xODFDRkE5Q0I4NDE3QUM4NEVGMkNGRDI2QjA2Q0VDRTJEQUUwQUQwLmpwZw.jpg",
        "accessibility": "Različne okusne posode sladoleda Breyers."
      }
    ],
    "analytics_category": "Food",
    "more_details": "Dodatne podrobnosti o izdelku",
    "won_category_primary": "Svetovi potreb/Hrana in bližnja hrana/Zamrznjena hrana (Zamrznjena hrana)",
    "won_category_primary_path": "0/17/1716",
    "canonical_path": "/p/bon-gelati-sladoled-v-banjici/p10075201",
    "canonical_url": "/p/bon-gelati-sladoled-v-banjici/p10075201",
    "awards": [],
    "seals": [
      {
        "altText": "Logotip Lidl Plus",
        "image": "https://imgproxy-retcat.assets.schwarz/DjNLhjIEpHeUFO-WYf3wploAS16YAf6tVgt5EMshyFs/sm:1/w:140/cz/M6Ly9wcm9kLWNhd/GFsb2ctbWVkaWEvc2kvMi9BMEU2QkJCNEZCQTZENzlEQ0MzRDRFOEM/2REREODBCRjMwQUNFQjJBMDBGREI4RjI1M0Y3MDYzOTFFMTg3RUVGLnBuZw.png"
      }
    ],
    "ribbons": [
      {
        "type": "SPECIAL_DESCRIPTION",
        "text": "AKTIVIRAJ KUPON",
        "theme": "blue"
      }
    ],
    "highlighted_seals": 0,
    "lidl_plus": [
      {
        "price": {
          "discount": {
            "deletedPrice": 2.79,
            "discountHasStar": false,
            "discountText": "- 28 %",
            "fromRecommendedPrice": false,
            "showDiscount": true,
            "showFrom": false,
            "showPercentage": true,
            "showUpTo": false
          },
          "displayedCurrency": "€",
          "hasStar": true,
          "hasVat": false,
          "oldPrice": 2.79,
          "packaging": {
            "text": "1 l"
          },
          "price": 1.99,
          "priceTheme": "red_yellow",
          "specialTaxes": []
        },
        "lidlPlusText": "z Lidl Plus",
        "highlightText": "- 28 %"
      }
    ],
    "regions": [],
    "ians": [
      "153116"
    ],
    "show_brand": true,
    "deal_of_day_active": false,
    "full_title_meta": "BON GELATI Sladoled v banjici",
    "lists": [
      4991
    ],
    "preview": false,
    "category_breadcrumbs": [
      {
        "id": "10068374",
        "name": "Hrana in pijača",
        "url": "/c/hrana-in-pijaca/s10068374",
        "hidden": false
      },
      {
        "id": "10071049",
        "name": "Zamrznjena hrana",
        "url": "/h/zamrznjena-hrana/h10071049",
        "hidden": false
      }
    ],
    "campaigns": [
      {
        "id": "Current_Sales_Week",
        "name": "Ta teden",
        "url": null,
        "hidden": false
      },
      {
        "id": "10024188",
        "name": "Lidl Plus",
        "url": "/c/lidl-plus/a10024188",
        "hidden": false
      }
    ],
    "world_of_needs_code": "1716",
    "world_of_needs_name": "Zamrznjena hrana (Zamrznjena hrana)",
    "world_of_needs_parent": "17",
    "is_main_category": true,
    "super_categories": [
      {
        "code": "17",
        "name": "Hrana in bližnja hrana",
        "parent": "0"
      },
      {
        "code": "0",
        "name": "Svetovi potreb",
        "parent": ""
      }
    ],
    "position": 128,
    "tracking_payload": {
      "searchTrackingMasterId": "Product.10075201",
      "searchTrackingTitle": "Sladoled+v+banjici",
      "searchTrackingPageSize": 100,
      "searchTrackingPage": 2,
      "searchTrackingEvent": "click",
      "list": "search",
      "searchTrackingId": "Product.10075201",
      "searchTrackingOrigPos": 1,
      "searchTrackingPos": 128,
      "searchTrackingOrigPageSize": 100,
      "searchTrackingChannel": "SI",
      "category": "Food"
    }
  },
  {
    "code": "10075908",
    "name": "Makov polžek",
    "url": "",
    "result_class": "product",
    "type": "product",
    "product_id": 10075908,
    "erp_number": "10075908",
    "item_id": 10075908,
    "full_title": "Makov polžek",
    "title": "Makov polžek",
    "category": "Food",
    "product_type": "RETAIL",
    "age_restriction": false,
    "is_used_product": false,
    "multipack": false,
    "online": false,
    "store": false,
    "quick_add_to_cart": false,
    "flash_sales": false,
    "having_videos": false,
    "having_threesixty": false,
    "price": 1.99,
    "old_price": 0.0,
    "currency_code": "EUR",
    "currency_symbol": "€",
    "has_star": true,
    "has_vat": false,
    "price_theme": "white_red",
    "variants_have_different_prices": false,
    "base_price_text": "1 kg = 9.05",
    "base_price_prefix": false,
    "packaging_text": "220 g",
    "discount_deleted_price": null,
    "discount_text": "ZGRABITE PRILOŽNOST!",
    "discount_percentage": null,
    "discount_has_star": false,
    "show_discount": false,
    "show_percentage": false,
    "from_recommended_price": false,
    "availability_indicator": 0,
    "online_available": false,
    "min_orderable_quantity": 1,
    "orderable_quantities": [],
    "badge_texts": [
      "V trgovini od 10.07. do 16.07."
    ],
    "badge_types": [
      "IN_STORE_FROM_FUTURE_DATE_RANGE"
    ],
    "main_image": "https://imgproxy-retcat.assets.schwarz/44JJXvM_opmCwLLBaafZv-N45ScwqZBzZC2CspIbt5g/sm:1/w:427/h:320/cz/M6Ly9wcm9kLWNhd/GFsb2ctbWVkaWEvc2kvMS9DMzcwNzM0MEM5RDE5M0E0RTY2QTBGNEE/2RDBDNDk2NjY4RDE3ODhEQjc4MzZGQzk3NDNDMENDMUY2ODA0OTZGLmpwZw.jpg",
    "image_list": [
      "https://imgproxy-retcat.assets.schwarz/44JJXvM_opmCwLLBaafZv-N45ScwqZBzZC2CspIbt5g/sm:1/w:427/h:320/cz/M6Ly9wcm9kLWNhd/GFsb2ctbWVkaWEvc2kvMS9DMzcwNzM0MEM5RDE5M0E0RTY2QTBGNEE/2RDBDNDk2NjY4RDE3ODhEQjc4MzZGQzk3NDNDMENDMUY2ODA0OTZGLmpwZw.jpg",
      "https://imgproxy-retcat.assets.schwarz/jH-FAq0fQxSekqL-GfKksnN5oFeSUK4yTAIaq-gxYak/sm:1/w:427/h:320/cz/M6Ly9wcm9kLWNhd/GFsb2ctbWVkaWEvc2kvMS8yQUU5QzUwMDk5NjYwQzE5MDVGRkU2MzB/BMUNBMzFFMkYxQ0Y4OUI5NDk0NkFGNkJBRDE5RjI4Q0Q0QjhBNDExLmpwZw.jpg",
      "https://imgproxy-retcat.assets.schwarz/UEpaLQQt8GLPbRKfMUHIrMlbpD1UXsVdUpzZBnPUarA/sm:1/w:427/h:320/cz/M6Ly9wcm9kLWNhd/GFsb2ctbWVkaWEvc2kvMS9FOTFEQkNGOTQxMjZCNTkyRTk5QzBDMjg/4MUZCRjJFMTYxMThDMUNBMjk0Q0NCNUU2Q0JBNjAzRDY1NTIyQjkwLmpwZw.jpg"
    ],
    "image_accessibility": "Dve cimetovi štručki v elegantni embalaži.",
    "detailed_images": [
      {
        "url": "https://imgproxy-retcat.assets.schwarz/44JJXvM_opmCwLLBaafZv-N45ScwqZBzZC2CspIbt5g/sm:1/w:427/h:320/cz/M6Ly9wcm9kLWNhd/GFsb2ctbWVkaWEvc2kvMS9DMzcwNzM0MEM5RDE5M0E0RTY2QTBGNEE/2RDBDNDk2NjY4RDE3ODhEQjc4MzZGQzk3NDNDMENDMUY2ODA0OTZGLmpwZw.jpg",
        "accessibility": "Dve cimetovi štručki v elegantni embalaži."
      },
      {
        "url": "https://imgproxy-retcat.assets.schwarz/jH-FAq0fQxSekqL-GfKksnN5oFeSUK4yTAIaq-gxYak/sm:1/w:427/h:320/cz/M6Ly9wcm9kLWNhd/GFsb2ctbWVkaWEvc2kvMS8yQUU5QzUwMDk5NjYwQzE5MDVGRkU2MzB/BMUNBMzFFMkYxQ0Y4OUI5NDk0NkFGNkJBRDE5RjI4Q0Q0QjhBNDExLmpwZw.jpg",
        "accessibility": "Škatla s cimetovimi zavitimi pecivami De Provence."
      },
      {
        "url": "https://imgproxy-retcat.assets.schwarz/UEpaLQQt8GLPbRKfMUHIrMlbpD1UXsVdUpzZBnPUarA/sm:1/w:427/h:320/cz/M6Ly9wcm9kLWNhd/GFsb2ctbWVkaWEvc2kvMS9FOTFEQkNGOTQxMjZCNTkyRTk5QzBDMjg/4MUZCRjJFMTYxMThDMUNBMjk0Q0NCNUU2Q0JBNjAzRDY1NTIyQjkwLmpwZw.jpg",
        "accessibility": "Dva cimetova zvitka v košarici, zavita v papir."
      }
    ],
    "analytics_category": "Food",
    "more_details": "Dodatne podrobnosti o izdelku",
    "won_category_primary": "Svetovi potreb/Hrana in bližnja hrana/Kruh in pekovsko pecivo",
    "won_category_primary_path": "0/17/1713",
    "canonical_path": "/p/makov-polzek/p10075908",
    "canonical_url": "/p/makov-polzek/p10075908",
    "awards": [],
    "seals": [],
    "ribbons": [],
    "highlighted_seals": 0,
    "lidl_plus": [],
    "regions": [],
    "ians": [
      "152812"
    ],
    "show_brand": false,
    "deal_of_day_active": false,
    "full_title_meta": "Makov polžek",
    "lists": [
      4941,
      4991
    ],
    "preview": false,
    "category_breadcrumbs": [
      {
        "id": "10068374",
        "name": "Hrana in pijača",
        "url": "/c/hrana-in-pijaca/s10068374",
        "hidden": false
      },
      {
        "id": "10071015",
        "name": "Kruh in pekovski izdelki",
        "url": "/h/kruh-in-pekovski-izdelki/h10071015",
        "hidden": false
      }
    ],
    "campaigns": [
      {
        "id": "Current_Sales_Week",
        "name": "Ta teden",
        "url": null,
        "hidden": false
      },
      {
        "id": "10075258",
        "name": "Tvoja Lidl cena",
        "url": "/c/tvoja-lidl-cena/a10075258",
        "hidden": false
      }
    ],
    "world_of_needs_code": "1713",
    "world_of_needs_name": "Kruh in pekovsko pecivo",
    "world_of_needs_parent": "17",
    "is_main_category": true,
    "super_categories": [
      {
        "code": "17",
        "name": "Hrana in bližnja hrana",
        "parent": "0"
      },
      {
        "code": "0",
        "name": "Svetovi potreb",
        "parent": ""
      }
    ],
    "position": 129,
    "tracking_payload": {
      "searchTrackingMasterId": "Product.10075908",
      "searchTrackingTitle": "Makov+pol%C5%BEek",
      "searchTrackingPageSize": 100,
      "searchTrackingPage": 2,
      "searchTrackingEvent": "click",
      "list": "search",
      "searchTrackingId": "Product.10075908",
      "searchTrackingOrigPos": 1,
      "searchTrackingPos": 129,
      "searchTrackingOrigPageSize": 100,
      "searchTrackingChannel": "SI",
      "category": "Food"
    }
  },
  {
    "code": "10076601",
    "name": "Sprej proti insektom in klopom",
    "url": "",
    "result_class": "product",
    "type": "product",
    "product_id": 10076601,
    "erp_number": "10076601",
    "item_id": 10076601,
    "full_title": "AUTAN Sprej proti insektom in klopom",
    "title": "Sprej proti insektom in klopom",
    "category": "Food",
    "product_type": "RETAIL",
    "age_restriction": false,
    "is_used_product": false,
    "multipack": false,
    "online": false,
    "store": false,
    "quick_add_to_cart": false,
    "flash_sales": false,
    "having_videos": false,
    "having_threesixty": false,
    "price": 7.99,
    "old_price": 0.0,
    "currency_code": "EUR",
    "currency_symbol": "€",
    "has_star": true,
    "has_vat": false,
    "price_theme": "white_red",
    "variants_have_different_prices": false,
    "base_price_text": "1 l = 79.90",
    "base_price_prefix": false,
    "packaging_text": "100 ml",
    "discount_deleted_price": null,
    "discount_text": "ZGRABITE PRILOŽNOST!",
    "discount_percentage": null,
    "discount_has_star": false,
    "show_discount": false,
    "show_percentage": false,
    "from_recommended_price": false,
    "availability_indicator": 0,
    "online_available": false,
    "min_orderable_quantity": 1,
    "orderable_quantities": [],
    "badge_texts": [
      "V trgovini od 10.07. do 16.07."
    ],
    "badge_types": [
      "IN_STORE_FROM_FUTURE_DATE_RANGE"
    ],
    "main_image": "https://imgproxy-retcat.assets.schwarz/1xyPqM0yzo1ET-q9JiOgxtMlwD4r43kD5odGiqXBGHY/sm:1/w:427/h:320/cz/M6Ly9wcm9kLWNhd/GFsb2ctbWVkaWEvc2kvMS8xRkMyODc1NTE0MEZFRTc1RUE4QzVFQjA/3QUUwMDZGMzkxNzFEMEU5NjM0Q0UzRUJDNUI0RUJDQTBDQzdEMEIwLmpwZw.jpg",
    "image_list": [
      "https://imgproxy-retcat.assets.schwarz/1xyPqM0yzo1ET-q9JiOgxtMlwD4r43kD5odGiqXBGHY/sm:1/w:427/h:320/cz/M6Ly9wcm9kLWNhd/GFsb2ctbWVkaWEvc2kvMS8xRkMyODc1NTE0MEZFRTc1RUE4QzVFQjA/3QUUwMDZGMzkxNzFEMEU5NjM0Q0UzRUJDNUI0RUJDQTBDQzdEMEIwLmpwZw.jpg"
    ],
    "image_accessibility": "Autan otroški repelent proti komarjem v rumeni in rdeči embalaži.",
    "detailed_images": [
      {
        "url": "https://imgproxy-retcat.assets.schwarz/1xyPqM0yzo1ET-q9JiOgxtMlwD4r43kD5odGiqXBGHY/sm:1/w:427/h:320/cz/M6Ly9wcm9kLWNhd/GFsb2ctbWVkaWEvc2kvMS8xRkMyODc1NTE0MEZFRTc1RUE4QzVFQjA/3QUUwMDZGMzkxNzFEMEU5NjM0Q0UzRUJDNUI0RUJDQTBDQzdEMEIwLmpwZw.jpg",
        "accessibility": "Autan otroški repelent proti komarjem v rumeni in rdeči embalaži."
      }
    ],
    "analytics_category": "Food",
    "more_details": "Dodatne podrobnosti o izdelku",
    "won_category_primary": "Svetovi potreb/Hrana in bližnja hrana/Drogerija - higiena, otroška hrana, kozmetika, čistila",
    "won_category_primary_path": "0/17/1723",
    "canonical_path": "/p/autan-sprej-proti-insektom-in-klopom/p10076601",
    "canonical_url": "/p/autan-sprej-proti-insektom-in-klopom/p10076601",
    "awards": [],
    "seals": [],
    "ribbons": [],
    "highlighted_seals": 0,
    "lidl_plus": [],
    "regions": [],
    "ians": [
      "7305946"
    ],
    "show_brand": true,
    "deal_of_day_active": false,
    "full_title_meta": "AUTAN Sprej proti insektom in klopom",
    "lists": [
      4991
    ],
    "preview": false,
    "category_breadcrumbs": [
      {
        "id": "10068374",
        "name": "Hrana in pijača",
        "url": "/c/hrana-in-pijaca/s10068374",
        "hidden": false
      },
      {
        "id": "10071019",
        "name": "Osebna nega",
        "url": "/h/osebna-nega/h10071019",
        "hidden": false
      }
    ],
    "campaigns": [
      {
        "id": "Current_Sales_Week",
        "name": "Ta teden",
        "url": null,
        "hidden": false
      },
      {
        "id": "10075258",
        "name": "Tvoja Lidl cena",
        "url": "/c/tvoja-lidl-cena/a10075258",
        "hidden": false
      }
    ],
    "world_of_needs_code": "1723",
    "world_of_needs_name": "Drogerija - higiena, otroška hrana, kozmetika, čistila",
    "world_of_needs_parent": "17",
    "is_main_category": true,
    "super_categories": [
      {
        "code": "17",
        "name": "Hrana in bližnja hrana",
        "parent": "0"
      },
      {
        "code": "0",
        "name": "Svetovi potreb",
        "parent": ""
      }
    ],
    "position": 130,
    "tracking_payload": {
      "searchTrackingMasterId": "Product.10076601",
      "searchTrackingTitle": "Sprej+proti+insektom+in+klopom",
      "searchTrackingPageSize": 100,
      "searchTrackingPage": 2,
      "searchTrackingEvent": "click",
      "list": "search",
      "searchTrackingId": "Product.10076601",
      "searchTrackingOrigPos": 1,
      "searchTrackingPos": 130,
      "searchTrackingOrigPageSize": 100,
      "searchTrackingChannel": "SI",
      "category": "Food"
    }
  },
  {
    "code": "10076603",
    "name": "Električni aparat proti komarjem",
    "url": "",
    "result_class": "product",
    "type": "product",
    "product_id": 10076603,
    "erp_number": "10076603",
    "item_id": 10076603,
    "full_title": "RAID Električni aparat proti komarjem",
    "title": "Električni aparat proti komarjem",
    "category": "Food",
    "product_type": "RETAIL",
    "age_restriction": false,
    "is_used_product": false,
    "multipack": false,
    "online": false,
    "store": false,
    "quick_add_to_cart": false,
    "flash_sales": false,
    "having_videos": false,
    "having_threesixty": false,
    "price": 8.99,
    "old_price": 0.0,
    "currency_code": "EUR",
    "currency_symbol": "€",
    "has_star": true,
    "has_vat": false,
    "price_theme": "white_red",
    "variants_have_different_prices": false,
    "base_price_text": null,
    "base_price_prefix": null,
    "packaging_text": "kompl.",
    "discount_deleted_price": null,
    "discount_text": "ZGRABITE PRILOŽNOST!",
    "discount_percentage": null,
    "discount_has_star": false,
    "show_discount": false,
    "show_percentage": false,
    "from_recommended_price": false,
    "availability_indicator": 0,
    "online_available": false,
    "min_orderable_quantity": 1,
    "orderable_quantities": [],
    "badge_texts": [
      "V trgovini od 10.07. do 16.07."
    ],
    "badge_types": [
      "IN_STORE_FROM_FUTURE_DATE_RANGE"
    ],
    "main_image": "https://imgproxy-retcat.assets.schwarz/hERXvLSpY04fr8afYDNBCHrhUIXWagTldgHaduGrPso/sm:1/w:427/h:320/cz/M6Ly9wcm9kLWNhd/GFsb2ctbWVkaWEvc2kvMS9CNTAzN0I2NkYxNDgxOEEyODA4MTQxMzd/DQjkyNEU5OEIxMEY3OEZCRUMzMUVDQUM5NERGMkFFREM4MEEzRDM5LmpwZw.jpg",
    "image_list": [
      "https://imgproxy-retcat.assets.schwarz/hERXvLSpY04fr8afYDNBCHrhUIXWagTldgHaduGrPso/sm:1/w:427/h:320/cz/M6Ly9wcm9kLWNhd/GFsb2ctbWVkaWEvc2kvMS9CNTAzN0I2NkYxNDgxOEEyODA4MTQxMzd/DQjkyNEU5OEIxMEY3OEZCRUMzMUVDQUM5NERGMkFFREM4MEEzRDM5LmpwZw.jpg"
    ],
    "image_accessibility": "Raid tekočinski električni odganjalec žuželk, 30 noči.",
    "detailed_images": [
      {
        "url": "https://imgproxy-retcat.assets.schwarz/hERXvLSpY04fr8afYDNBCHrhUIXWagTldgHaduGrPso/sm:1/w:427/h:320/cz/M6Ly9wcm9kLWNhd/GFsb2ctbWVkaWEvc2kvMS9CNTAzN0I2NkYxNDgxOEEyODA4MTQxMzd/DQjkyNEU5OEIxMEY3OEZCRUMzMUVDQUM5NERGMkFFREM4MEEzRDM5LmpwZw.jpg",
        "accessibility": "Raid tekočinski električni odganjalec žuželk, 30 noči."
      }
    ],
    "analytics_category": "Food",
    "more_details": "Dodatne podrobnosti o izdelku",
    "won_category_primary": "Svetovi potreb/Hrana in bližnja hrana/Drogerija - higiena, otroška hrana, kozmetika, čistila",
    "won_category_primary_path": "0/17/1723",
    "canonical_path": "/p/raid-elektricni-aparat-proti-komarjem/p10076603",
    "canonical_url": "/p/raid-elektricni-aparat-proti-komarjem/p10076603",
    "awards": [],
    "seals": [],
    "ribbons": [],
    "highlighted_seals": 0,
    "lidl_plus": [],
    "regions": [],
    "ians": [
      "7305947"
    ],
    "show_brand": true,
    "deal_of_day_active": false,
    "full_title_meta": "RAID Električni aparat proti komarjem",
    "lists": [
      4991
    ],
    "preview": false,
    "category_breadcrumbs": [
      {
        "id": "10068374",
        "name": "Hrana in pijača",
        "url": "/c/hrana-in-pijaca/s10068374",
        "hidden": false
      },
      {
        "id": "10071019",
        "name": "Osebna nega",
        "url": "/h/osebna-nega/h10071019",
        "hidden": false
      }
    ],
    "campaigns": [
      {
        "id": "Current_Sales_Week",
        "name": "Ta teden",
        "url": null,
        "hidden": false
      },
      {
        "id": "10075258",
        "name": "Tvoja Lidl cena",
        "url": "/c/tvoja-lidl-cena/a10075258",
        "hidden": false
      }
    ],
    "world_of_needs_code": "1723",
    "world_of_needs_name": "Drogerija - higiena, otroška hrana, kozmetika, čistila",
    "world_of_needs_parent": "17",
    "is_main_category": true,
    "super_categories": [
      {
        "code": "17",
        "name": "Hrana in bližnja hrana",
        "parent": "0"
      },
      {
        "code": "0",
        "name": "Svetovi potreb",
        "parent": ""
      }
    ],
    "position": 131,
    "tracking_payload": {
      "searchTrackingMasterId": "Product.10076603",
      "searchTrackingTitle": "Elektri%C4%8Dni+aparat+proti+komarjem",
      "searchTrackingPageSize": 100,
      "searchTrackingPage": 2,
      "searchTrackingEvent": "click",
      "list": "search",
      "searchTrackingId": "Product.10076603",
      "searchTrackingOrigPos": 1,
      "searchTrackingPos": 131,
      "searchTrackingOrigPageSize": 100,
      "searchTrackingChannel": "SI",
      "category": "Food"
    }
  },
  {
    "code": "10076675",
    "name": "Tirolska klobasa XXL",
    "url": "",
    "result_class": "product",
    "type": "product",
    "product_id": 10076675,
    "erp_number": "10076675",
    "item_id": 10076675,
    "full_title": "PIKOK Tirolska klobasa XXL",
    "title": "Tirolska klobasa XXL",
    "category": "Food",
    "product_type": "RETAIL",
    "age_restriction": false,
    "is_used_product": false,
    "multipack": false,
    "online": false,
    "store": false,
    "quick_add_to_cart": false,
    "flash_sales": false,
    "having_videos": false,
    "having_threesixty": false,
    "price": 3.89,
    "old_price": 0.0,
    "currency_code": "EUR",
    "currency_symbol": "€",
    "has_star": true,
    "has_vat": false,
    "price_theme": "white_red",
    "variants_have_different_prices": false,
    "base_price_text": null,
    "base_price_prefix": null,
    "packaging_text": "1 kg",
    "discount_deleted_price": null,
    "discount_text": "200 g GRATIS!**",
    "discount_percentage": null,
    "discount_has_star": false,
    "show_discount": false,
    "show_percentage": false,
    "from_recommended_price": false,
    "availability_indicator": 0,
    "online_available": false,
    "min_orderable_quantity": 1,
    "orderable_quantities": [],
    "badge_texts": [
      "V trgovini od 10.07. do 16.07."
    ],
    "badge_types": [
      "IN_STORE_FROM_FUTURE_DATE_RANGE"
    ],
    "main_image": "https://imgproxy-retcat.assets.schwarz/mmIvgoz7KbA5PaG8Q_TsQap4L7Wak22nQKC_Du0e9U0/sm:1/w:427/h:320/cz/M6Ly9wcm9kLWNhd/GFsb2ctbWVkaWEvc2kvMS81MTdEMThEMDAyNTRFRkVDNEM5QzkwRUN/DMDkxQ0FCQjE2QkUyREFBQjM3OTExOENENkYxNTZEMjdCMDM3OTUwLmpwZw.jpg",
    "image_list": [
      "https://imgproxy-retcat.assets.schwarz/mmIvgoz7KbA5PaG8Q_TsQap4L7Wak22nQKC_Du0e9U0/sm:1/w:427/h:320/cz/M6Ly9wcm9kLWNhd/GFsb2ctbWVkaWEvc2kvMS81MTdEMThEMDAyNTRFRkVDNEM5QzkwRUN/DMDkxQ0FCQjE2QkUyREFBQjM3OTExOENENkYxNTZEMjdCMDM3OTUwLmpwZw.jpg"
    ],
    "image_accessibility": "Trije paketi klobas Tick-Tock.",
    "detailed_images": [
      {
        "url": "https://imgproxy-retcat.assets.schwarz/mmIvgoz7KbA5PaG8Q_TsQap4L7Wak22nQKC_Du0e9U0/sm:1/w:427/h:320/cz/M6Ly9wcm9kLWNhd/GFsb2ctbWVkaWEvc2kvMS81MTdEMThEMDAyNTRFRkVDNEM5QzkwRUN/DMDkxQ0FCQjE2QkUyREFBQjM3OTExOENENkYxNTZEMjdCMDM3OTUwLmpwZw.jpg",
        "accessibility": "Trije paketi klobas Tick-Tock."
      }
    ],
    "analytics_category": "Food",
    "more_details": "Dodatne podrobnosti o izdelku",
    "won_category_primary": "Svetovi potreb/Hrana in bližnja hrana/Klobase in meso",
    "won_category_primary_path": "0/17/1717",
    "canonical_path": "/p/pikok-tirolska-klobasa-xxl/p10076675",
    "canonical_url": "/p/pikok-tirolska-klobasa-xxl/p10076675",
    "awards": [],
    "seals": [
      {
        "altText": "Nalepka: Hlajeno",
        "image": "https://imgproxy-retcat.assets.schwarz/7x3Iby7aD19hFySDnP2YoXt7E1r0JrvJVj0QO1gUOes/sm:1/w:140/cz/M6Ly9wcm9kLWNhd/GFsb2ctbWVkaWEvc2kvMi8xMzFBN0E2RDlCREZGREQxOEE2OTFDNEZ/FNDE5RTM0QUMxQjY4OEQ0OUY2QTAxMTRDRjQ1RjdCNTNDRjM2NUJBLnBuZw.png"
      },
      {
        "altText": "Slovenski izdelek",
        "image": "https://imgproxy-retcat.assets.schwarz/065GlWscfuyzRNlqdEjgEaZNE6893872XSglFaanlJA/sm:1/w:140/cz/M6Ly9wcm9kLWNhd/GFsb2ctbWVkaWEvc2kvMi83RTk4NkYyRDk1MTlDRUJBNzA1N0JGMzA/1QjA1NjUyRjVCMjMzNzZGRjY4MzVEREFGQzIwQzE5NDVFQUE5M0RCLnBuZw.png"
      }
    ],
    "ribbons": [],
    "highlighted_seals": 0,
    "lidl_plus": [],
    "regions": [],
    "ians": [
      "7300638"
    ],
    "show_brand": true,
    "deal_of_day_active": false,
    "full_title_meta": "PIKOK Tirolska klobasa XXL",
    "lists": [
      4991
    ],
    "preview": false,
    "category_breadcrumbs": [
      {
        "id": "10068374",
        "name": "Hrana in pijača",
        "url": "/c/hrana-in-pijaca/s10068374",
        "hidden": false
      },
      {
        "id": "10071016",
        "name": "Meso in mesni izdelki",
        "url": "/h/meso-in-mesni-izdelki/h10071016",
        "hidden": false
      }
    ],
    "campaigns": [
      {
        "id": "Current_Sales_Week",
        "name": "Ta teden",
        "url": null,
        "hidden": false
      },
      {
        "id": "10075258",
        "name": "Tvoja Lidl cena",
        "url": "/c/tvoja-lidl-cena/a10075258",
        "hidden": false
      }
    ],
    "world_of_needs_code": "1717",
    "world_of_needs_name": "Klobase in meso",
    "world_of_needs_parent": "17",
    "is_main_category": true,
    "super_categories": [
      {
        "code": "17",
        "name": "Hrana in bližnja hrana",
        "parent": "0"
      },
      {
        "code": "0",
        "name": "Svetovi potreb",
        "parent": ""
      }
    ],
    "position": 132,
    "tracking_payload": {
      "searchTrackingMasterId": "Product.10076675",
      "searchTrackingTitle": "Tirolska+klobasa+XXL",
      "searchTrackingPageSize": 100,
      "searchTrackingPage": 2,
      "searchTrackingEvent": "click",
      "list": "search",
      "searchTrackingId": "Product.10076675",
      "searchTrackingOrigPos": 1,
      "searchTrackingPos": 132,
      "searchTrackingOrigPageSize": 100,
      "searchTrackingChannel": "SI",
      "category": "Food"
    }
  },
  {
    "code": "10077715",
    "name": "Sveže jagnje v kosih",
    "url": "",
    "result_class": "product",
    "type": "product",
    "product_id": 10077715,
    "erp_number": "10077715",
    "item_id": 10077715,
    "full_title": "PIVAC Sveže jagnje v kosih",
    "title": "Sveže jagnje v kosih",
    "category": "Food",
    "product_type": "RETAIL",
    "age_restriction": false,
    "is_used_product": false,
    "multipack": false,
    "online": false,
    "store": false,
    "quick_add_to_cart": false,
    "flash_sales": false,
    "having_videos": false,
    "having_threesixty": false,
    "price": 12.99,
    "old_price": 0.0,
    "currency_code": "EUR",
    "currency_symbol": "€",
    "has_star": true,
    "has_vat": false,
    "price_theme": "white_red",
    "variants_have_different_prices": false,
    "base_price_text": "pribl. 2,2 kg",
    "base_price_prefix": false,
    "packaging_text": "za kg",
    "discount_deleted_price": null,
    "discount_text": "ZGRABITE PRILOŽNOST!",
    "discount_percentage": null,
    "discount_has_star": false,
    "show_discount": false,
    "show_percentage": false,
    "from_recommended_price": false,
    "availability_indicator": 0,
    "online_available": false,
    "min_orderable_quantity": 1,
    "orderable_quantities": [],
    "badge_texts": [
      "V trgovini od 11.07. do 12.07."
    ],
    "badge_types": [
      "IN_STORE_FROM_FUTURE_DATE_RANGE"
    ],
    "main_image": "https://imgproxy-retcat.assets.schwarz/4bHLxeb8IC5Fb_F2Ee8RQDRyhYBT9K3fKlzMhSIdo_k/sm:1/w:427/h:320/cz/M6Ly9wcm9kLWNhd/GFsb2ctbWVkaWEvc2kvMS81NTNCQUY0NDIzQzhDQkQ2ODk2M0Y4N0V/DREVBRTVBNEIyOTYzRENENTY4OTQxQUJFODI0NEM5Q0I0MTZCMkEwLmpwZw.jpg",
    "image_list": [
      "https://imgproxy-retcat.assets.schwarz/4bHLxeb8IC5Fb_F2Ee8RQDRyhYBT9K3fKlzMhSIdo_k/sm:1/w:427/h:320/cz/M6Ly9wcm9kLWNhd/GFsb2ctbWVkaWEvc2kvMS81NTNCQUY0NDIzQzhDQkQ2ODk2M0Y4N0V/DREVBRTVBNEIyOTYzRENENTY4OTQxQUJFODI0NEM5Q0I0MTZCMkEwLmpwZw.jpg"
    ],
    "image_accessibility": "Pakirana jagnjetina na rešetki za pečenje.",
    "detailed_images": [
      {
        "url": "https://imgproxy-retcat.assets.schwarz/4bHLxeb8IC5Fb_F2Ee8RQDRyhYBT9K3fKlzMhSIdo_k/sm:1/w:427/h:320/cz/M6Ly9wcm9kLWNhd/GFsb2ctbWVkaWEvc2kvMS81NTNCQUY0NDIzQzhDQkQ2ODk2M0Y4N0V/DREVBRTVBNEIyOTYzRENENTY4OTQxQUJFODI0NEM5Q0I0MTZCMkEwLmpwZw.jpg",
        "accessibility": "Pakirana jagnjetina na rešetki za pečenje."
      }
    ],
    "analytics_category": "Food",
    "more_details": "Dodatne podrobnosti o izdelku",
    "won_category_primary": "Svetovi potreb/Hrana in bližnja hrana/Klobase in meso",
    "won_category_primary_path": "0/17/1717",
    "canonical_path": "/p/pivac-sveze-jagnje-v-kosih/p10077715",
    "canonical_url": "/p/pivac-sveze-jagnje-v-kosih/p10077715",
    "awards": [],
    "seals": [],
    "ribbons": [],
    "highlighted_seals": 0,
    "lidl_plus": [],
    "regions": [],
    "ians": [
      "4459"
    ],
    "show_brand": true,
    "deal_of_day_active": false,
    "full_title_meta": "PIVAC Sveže jagnje v kosih",
    "lists": [
      4991
    ],
    "preview": false,
    "category_breadcrumbs": [
      {
        "id": "10068374",
        "name": "Hrana in pijača",
        "url": "/c/hrana-in-pijaca/s10068374",
        "hidden": false
      },
      {
        "id": "10071016",
        "name": "Meso in mesni izdelki",
        "url": "/h/meso-in-mesni-izdelki/h10071016",
        "hidden": false
      }
    ],
    "campaigns": [
      {
        "id": "Current_Sales_Week",
        "name": "Ta teden",
        "url": null,
        "hidden": false
      },
      {
        "id": "10075263",
        "name": "Super vikend",
        "url": "/c/super-vikend/a10075263",
        "hidden": false
      }
    ],
    "world_of_needs_code": "1717",
    "world_of_needs_name": "Klobase in meso",
    "world_of_needs_parent": "17",
    "is_main_category": true,
    "super_categories": [
      {
        "code": "17",
        "name": "Hrana in bližnja hrana",
        "parent": "0"
      },
      {
        "code": "0",
        "name": "Svetovi potreb",
        "parent": ""
      }
    ],
    "position": 133,
    "tracking_payload": {
      "searchTrackingMasterId": "Product.10077715",
      "searchTrackingTitle": "Sve%C5%BEe+jagnje+v+kosih",
      "searchTrackingPageSize": 100,
      "searchTrackingPage": 2,
      "searchTrackingEvent": "click",
      "list": "search",
      "searchTrackingId": "Product.10077715",
      "searchTrackingOrigPos": 1,
      "searchTrackingPos": 133,
      "searchTrackingOrigPageSize": 100,
      "searchTrackingChannel": "SI",
      "category": "Food"
    }
  },
  {
    "code": "10079171",
    "name": "Jogobella sadni jogurt",
    "url": "",
    "result_class": "product",
    "type": "product",
    "product_id": 10079171,
    "erp_number": "10079171",
    "item_id": 10079171,
    "full_title": "ZOTT Jogobella sadni jogurt",
    "title": "Jogobella sadni jogurt",
    "category": "Food",
    "product_type": "RETAIL",
    "age_restriction": false,
    "is_used_product": false,
    "multipack": false,
    "online": false,
    "store": false,
    "quick_add_to_cart": false,
    "flash_sales": false,
    "having_videos": false,
    "having_threesixty": false,
    "price": 0.99,
    "old_price": 0.0,
    "currency_code": "EUR",
    "currency_symbol": "€",
    "has_star": true,
    "has_vat": false,
    "price_theme": "white_red",
    "variants_have_different_prices": false,
    "base_price_text": "1 kg = 2.48",
    "base_price_prefix": false,
    "packaging_text": "400 g",
    "discount_deleted_price": null,
    "discount_text": "ZGRABITE PRILOŽNOST!",
    "discount_percentage": null,
    "discount_has_star": false,
    "show_discount": false,
    "show_percentage": false,
    "from_recommended_price": false,
    "availability_indicator": 0,
    "online_available": false,
    "min_orderable_quantity": 1,
    "orderable_quantities": [],
    "badge_texts": [
      "V trgovini od 10.07. do 16.07."
    ],
    "badge_types": [
      "IN_STORE_FROM_FUTURE_DATE_RANGE"
    ],
    "main_image": "https://imgproxy-retcat.assets.schwarz/urKavxJ_4enQLyxjdzflclYh2zNPHfYFpbGDpefylR4/sm:1/w:427/h:320/cz/M6Ly9wcm9kLWNhd/GFsb2ctbWVkaWEvc2kvMS9CMEY2QUIwOTQwN0M1QUM3MzhEMDhDRTZ/GNTk3MzhBMEE0MTFBRkU1RTAzNTVEODg5MEQ1NzI0MEY5OTlFNUM1LmpwZw.jpg",
    "image_list": [
      "https://imgproxy-retcat.assets.schwarz/urKavxJ_4enQLyxjdzflclYh2zNPHfYFpbGDpefylR4/sm:1/w:427/h:320/cz/M6Ly9wcm9kLWNhd/GFsb2ctbWVkaWEvc2kvMS9CMEY2QUIwOTQwN0M1QUM3MzhEMDhDRTZ/GNTk3MzhBMEE0MTFBRkU1RTAzNTVEODg5MEQ1NzI0MEY5OTlFNUM1LmpwZw.jpg",
      "https://imgproxy-retcat.assets.schwarz/1cKSeysU5wfLW2o6Bf9r1nUWWkFiKXNywbyWrOOWCxs/sm:1/w:427/h:320/cz/M6Ly9wcm9kLWNhd/GFsb2ctbWVkaWEvc2kvMS8zMjEyNkEyMDlBMTdDREZCOUE1OEYxMTR/EQTMzRTA3QzQ4MzEwQzAyOEVCRkNCQTAwRUI2Q0EzNjc3MEZDRjFCLmpwZw.jpg",
      "https://imgproxy-retcat.assets.schwarz/9wdpLdMLH75_LRYzyCn9vN9IzR8z0nviTfKLvJ8TyBM/sm:1/w:427/h:320/cz/M6Ly9wcm9kLWNhd/GFsb2ctbWVkaWEvc2kvMS84NUYwODQ1REU4OERFMjU2RTVBQTRBOTM/0M0VDQTg5OTg4OUIyQ0JGQUNFNjREQUE1QUM1MDE3MTQ1N0YzOUJELmpwZw.jpg"
    ],
    "image_accessibility": "Pet lončkov jogurta Joyabella z različnimi okusmi sadja.",
    "detailed_images": [
      {
        "url": "https://imgproxy-retcat.assets.schwarz/urKavxJ_4enQLyxjdzflclYh2zNPHfYFpbGDpefylR4/sm:1/w:427/h:320/cz/M6Ly9wcm9kLWNhd/GFsb2ctbWVkaWEvc2kvMS9CMEY2QUIwOTQwN0M1QUM3MzhEMDhDRTZ/GNTk3MzhBMEE0MTFBRkU1RTAzNTVEODg5MEQ1NzI0MEY5OTlFNUM1LmpwZw.jpg",
        "accessibility": "Pet lončkov jogurta Joyabella z različnimi okusmi sadja."
      },
      {
        "url": "https://imgproxy-retcat.assets.schwarz/1cKSeysU5wfLW2o6Bf9r1nUWWkFiKXNywbyWrOOWCxs/sm:1/w:427/h:320/cz/M6Ly9wcm9kLWNhd/GFsb2ctbWVkaWEvc2kvMS8zMjEyNkEyMDlBMTdDREZCOUE1OEYxMTR/EQTMzRTA3QzQ4MzEwQzAyOEVCRkNCQTAwRUI2Q0EzNjc3MEZDRjFCLmpwZw.jpg",
        "accessibility": "Jogobella breskov jogurt v plastičnem lončku."
      },
      {
        "url": "https://imgproxy-retcat.assets.schwarz/9wdpLdMLH75_LRYzyCn9vN9IzR8z0nviTfKLvJ8TyBM/sm:1/w:427/h:320/cz/M6Ly9wcm9kLWNhd/GFsb2ctbWVkaWEvc2kvMS84NUYwODQ1REU4OERFMjU2RTVBQTRBOTM/0M0VDQTg5OTg4OUIyQ0JGQUNFNjREQUE1QUM1MDE3MTQ1N0YzOUJELmpwZw.jpg",
        "accessibility": "Jogobella jagodni jogurt v plastičnem lončku."
      }
    ],
    "analytics_category": "Food",
    "more_details": "Dodatne podrobnosti o izdelku",
    "won_category_primary": "Svetovi potreb/Hrana in bližnja hrana/Sir in mlečni izdelki (vključno z maslom in sirom)",
    "won_category_primary_path": "0/17/1718",
    "canonical_path": "/p/zott-jogobella-sadni-jogurt/p10079171",
    "canonical_url": "/p/zott-jogobella-sadni-jogurt/p10079171",
    "awards": [],
    "seals": [
      {
        "altText": "Nalepka: Hlajeno",
        "image": "https://imgproxy-retcat.assets.schwarz/7x3Iby7aD19hFySDnP2YoXt7E1r0JrvJVj0QO1gUOes/sm:1/w:140/cz/M6Ly9wcm9kLWNhd/GFsb2ctbWVkaWEvc2kvMi8xMzFBN0E2RDlCREZGREQxOEE2OTFDNEZ/FNDE5RTM0QUMxQjY4OEQ0OUY2QTAxMTRDRjQ1RjdCNTNDRjM2NUJBLnBuZw.png"
      }
    ],
    "ribbons": [],
    "highlighted_seals": 0,
    "lidl_plus": [],
    "regions": [],
    "ians": [
      "206728"
    ],
    "show_brand": true,
    "deal_of_day_active": false,
    "full_title_meta": "ZOTT Jogobella sadni jogurt",
    "lists": [
      4991
    ],
    "preview": false,
    "category_breadcrumbs": [
      {
        "id": "10068374",
        "name": "Hrana in pijača",
        "url": "/c/hrana-in-pijaca/s10068374",
        "hidden": false
      },
      {
        "id": "10071017",
        "name": " Sir &  Mlečni izdelki",
        "url": "/h/sir-mlecni-izdelki/h10071017",
        "hidden": false
      }
    ],
    "campaigns": [
      {
        "id": "Current_Sales_Week",
        "name": "Ta teden",
        "url": null,
        "hidden": false
      },
      {
        "id": "10075258",
        "name": "Tvoja Lidl cena",
        "url": "/c/tvoja-lidl-cena/a10075258",
        "hidden": false
      }
    ],
    "world_of_needs_code": "1718",
    "world_of_needs_name": "Sir in mlečni izdelki (vključno z maslom in sirom)",
    "world_of_needs_parent": "17",
    "is_main_category": true,
    "super_categories": [
      {
        "code": "17",
        "name": "Hrana in bližnja hrana",
        "parent": "0"
      },
      {
        "code": "0",
        "name": "Svetovi potreb",
        "parent": ""
      }
    ],
    "position": 134,
    "tracking_payload": {
      "searchTrackingMasterId": "Product.10079171",
      "searchTrackingTitle": "Jogobella+sadni+jogurt",
      "searchTrackingPageSize": 100,
      "searchTrackingPage": 2,
      "searchTrackingEvent": "click",
      "list": "search",
      "searchTrackingId": "Product.10079171",
      "searchTrackingOrigPos": 1,
      "searchTrackingPos": 134,
      "searchTrackingOrigPageSize": 100,
      "searchTrackingChannel": "SI",
      "category": "Food"
    }
  },
  {
    "code": "10079534",
    "name": "Tekoči detergent, 5 l",
    "url": "",
    "result_class": "product",
    "type": "product",
    "product_id": 10079534,
    "erp_number": "10079534",
    "item_id": 10079534,
    "full_title": "FORMIL Tekoči detergent, 5 l",
    "title": "Tekoči detergent, 5 l",
    "category": "Food",
    "product_type": "RETAIL",
    "age_restriction": false,
    "is_used_product": false,
    "multipack": false,
    "online": false,
    "store": false,
    "quick_add_to_cart": false,
    "flash_sales": false,
    "having_videos": false,
    "having_threesixty": false,
    "price": 8.99,
    "old_price": 0.0,
    "currency_code": "EUR",
    "currency_symbol": "€",
    "has_star": true,
    "has_vat": false,
    "price_theme": "white_red",
    "variants_have_different_prices": false,
    "base_price_text": "1 l = 1.80",
    "base_price_prefix": false,
    "packaging_text": "5 l",
    "discount_deleted_price": null,
    "discount_text": "100 pranj",
    "discount_percentage": null,
    "discount_has_star": false,
    "show_discount": false,
    "show_percentage": false,
    "from_recommended_price": false,
    "availability_indicator": 0,
    "online_available": false,
    "min_orderable_quantity": 1,
    "orderable_quantities": [],
    "badge_texts": [
      "V trgovini od 10.07. do 16.07."
    ],
    "badge_types": [
      "IN_STORE_FROM_FUTURE_DATE_RANGE"
    ],
    "main_image": "https://imgproxy-retcat.assets.schwarz/HHfK0wiu3P0DzqOaEhdkmziDLIzJoGRCs6wThat3d84/sm:1/w:427/h:320/cz/M6Ly9wcm9kLWNhd/GFsb2ctbWVkaWEvc2kvMS81RTJEQzhFQzI5OEFFODU4MUNCNTdCMUI/5OTczNEE0RUZDMjVBNDQyREJFMDQzNjUyRUFCQkI2MTMwMjgzOENELmpwZw.jpg",
    "image_list": [
      "https://imgproxy-retcat.assets.schwarz/HHfK0wiu3P0DzqOaEhdkmziDLIzJoGRCs6wThat3d84/sm:1/w:427/h:320/cz/M6Ly9wcm9kLWNhd/GFsb2ctbWVkaWEvc2kvMS81RTJEQzhFQzI5OEFFODU4MUNCNTdCMUI/5OTczNEE0RUZDMjVBNDQyREJFMDQzNjUyRUFCQkI2MTMwMjgzOENELmpwZw.jpg",
      "https://imgproxy-retcat.assets.schwarz/ZGFfC5SBPJ0p0VhNgQiOytj2uM3W4_I9xF0skI5KcXY/sm:1/w:427/h:320/cz/M6Ly9wcm9kLWNhd/GFsb2ctbWVkaWEvc2kvMS8xNDFCMjMzRDJGQzNGRDE3N0Q1NTBCMEZ/EOTE2RTVFMjNCMEE2MkY2NzI5NDNGRjNFRTQyRjUxMDUxMUNFM0Q4LmpwZw.jpg",
      "https://imgproxy-retcat.assets.schwarz/JVrL91-7Kcij1IP7HTTntrFBOwPj4usEUjkMaz612-k/sm:1/w:427/h:320/cz/M6Ly9wcm9kLWNhd/GFsb2ctbWVkaWEvc2kvMS81QjE5MkYxNUZEQkY3QThBQjE3NDQ5Njl/DNzA1NzA2NEE2NkFDNEY2MUU1MEQyODZBNEJGMDczNzQ5OERGMkUyLmpwZw.jpg"
    ],
    "image_accessibility": "Tri steklenice tekočine za pranje perila Formex v različnih vonjih.",
    "detailed_images": [
      {
        "url": "https://imgproxy-retcat.assets.schwarz/HHfK0wiu3P0DzqOaEhdkmziDLIzJoGRCs6wThat3d84/sm:1/w:427/h:320/cz/M6Ly9wcm9kLWNhd/GFsb2ctbWVkaWEvc2kvMS81RTJEQzhFQzI5OEFFODU4MUNCNTdCMUI/5OTczNEE0RUZDMjVBNDQyREJFMDQzNjUyRUFCQkI2MTMwMjgzOENELmpwZw.jpg",
        "accessibility": "Tri steklenice tekočine za pranje perila Formex v različnih vonjih."
      },
      {
        "url": "https://imgproxy-retcat.assets.schwarz/ZGFfC5SBPJ0p0VhNgQiOytj2uM3W4_I9xF0skI5KcXY/sm:1/w:427/h:320/cz/M6Ly9wcm9kLWNhd/GFsb2ctbWVkaWEvc2kvMS8xNDFCMjMzRDJGQzNGRDE3N0Q1NTBCMEZ/EOTE2RTVFMjNCMEE2MkY2NzI5NDNGRjNFRTQyRjUxMDUxMUNFM0Q4LmpwZw.jpg",
        "accessibility": "Steklenica tekočine za pranje perila Formil z vonjem po sadju."
      },
      {
        "url": "https://imgproxy-retcat.assets.schwarz/JVrL91-7Kcij1IP7HTTntrFBOwPj4usEUjkMaz612-k/sm:1/w:427/h:320/cz/M6Ly9wcm9kLWNhd/GFsb2ctbWVkaWEvc2kvMS81QjE5MkYxNUZEQkY3QThBQjE3NDQ5Njl/DNzA1NzA2NEE2NkFDNEY2MUU1MEQyODZBNEJGMDczNzQ5OERGMkUyLmpwZw.jpg",
        "accessibility": "Steklenica tekočega pralnega praška Fornel za svežino."
      }
    ],
    "analytics_category": "Food",
    "more_details": "Dodatne podrobnosti o izdelku",
    "won_category_primary": "Svetovi potreb/Hrana in bližnja hrana/Drogerija - higiena, otroška hrana, kozmetika, čistila",
    "won_category_primary_path": "0/17/1723",
    "canonical_path": "/p/formil-tekoci-detergent-5-l/p10079534",
    "canonical_url": "/p/formil-tekoci-detergent-5-l/p10079534",
    "awards": [],
    "seals": [],
    "ribbons": [],
    "highlighted_seals": 0,
    "lidl_plus": [],
    "regions": [],
    "ians": [
      "157797"
    ],
    "show_brand": true,
    "deal_of_day_active": false,
    "full_title_meta": "FORMIL Tekoči detergent, 5 l",
    "lists": [
      4991
    ],
    "preview": false,
    "category_breadcrumbs": [
      {
        "id": "10068374",
        "name": "Hrana in pijača",
        "url": "/c/hrana-in-pijaca/s10068374",
        "hidden": false
      },
      {
        "id": "10071019",
        "name": "Osebna nega",
        "url": "/h/osebna-nega/h10071019",
        "hidden": false
      }
    ],
    "campaigns": [
      {
        "id": "Current_Sales_Week",
        "name": "Ta teden",
        "url": null,
        "hidden": false
      },
      {
        "id": "10075258",
        "name": "Tvoja Lidl cena",
        "url": "/c/tvoja-lidl-cena/a10075258",
        "hidden": false
      }
    ],
    "world_of_needs_code": "1723",
    "world_of_needs_name": "Drogerija - higiena, otroška hrana, kozmetika, čistila",
    "world_of_needs_parent": "17",
    "is_main_category": true,
    "super_categories": [
      {
        "code": "17",
        "name": "Hrana in bližnja hrana",
        "parent": "0"
      },
      {
        "code": "0",
        "name": "Svetovi potreb",
        "parent": ""
      }
    ],
    "position": 135,
    "tracking_payload": {
      "searchTrackingMasterId": "Product.10079534",
      "searchTrackingTitle": "Teko%C4%8Di+detergent%2C+5+l",
      "searchTrackingPageSize": 100,
      "searchTrackingPage": 2,
      "searchTrackingEvent": "click",
      "list": "search",
      "searchTrackingId": "Product.10079534",
      "searchTrackingOrigPos": 1,
      "searchTrackingPos": 135,
      "searchTrackingOrigPageSize": 100,
      "searchTrackingChannel": "SI",
      "category": "Food"
    }
  },
  {
    "code": "10079562",
    "name": "Polnozrnata lepinja",
    "url": "",
    "result_class": "product",
    "type": "product",
    "product_id": 10079562,
    "erp_number": "10079562",
    "item_id": 10079562,
    "full_title": "Polnozrnata lepinja",
    "title": "Polnozrnata lepinja",
    "category": "Food",
    "product_type": "RETAIL",
    "age_restriction": false,
    "is_used_product": false,
    "multipack": false,
    "online": false,
    "store": false,
    "quick_add_to_cart": false,
    "flash_sales": false,
    "having_videos": false,
    "having_threesixty": false,
    "price": 0.49,
    "old_price": 0.0,
    "currency_code": "EUR",
    "currency_symbol": "€",
    "has_star": true,
    "has_vat": false,
    "price_theme": "white_red",
    "variants_have_different_prices": false,
    "base_price_text": "1 kg = 3.06",
    "base_price_prefix": false,
    "packaging_text": "160 g",
    "discount_deleted_price": null,
    "discount_text": "ZGRABITE PRILOŽNOST!",
    "discount_percentage": null,
    "discount_has_star": false,
    "show_discount": false,
    "show_percentage": false,
    "from_recommended_price": false,
    "availability_indicator": 0,
    "online_available": false,
    "min_orderable_quantity": 1,
    "orderable_quantities": [],
    "badge_texts": [
      "V trgovini od 10.07. do 16.07."
    ],
    "badge_types": [
      "IN_STORE_FROM_FUTURE_DATE_RANGE"
    ],
    "main_image": "https://imgproxy-retcat.assets.schwarz/BsAbDabAsoOXvBeNp2xeusYsoi_5Lvt1-vsQu8z2Djs/sm:1/w:427/h:320/cz/M6Ly9wcm9kLWNhd/GFsb2ctbWVkaWEvc2kvMS8wNzYwNkU2MkI5MDM0RDZDODNCQzAwQjg/0MEI1N0JBQTg2QTZFMUU3NTVDMjBCOEIwRTA4MUJBODU4MDgzODFBLmpwZw.jpg",
    "image_list": [
      "https://imgproxy-retcat.assets.schwarz/BsAbDabAsoOXvBeNp2xeusYsoi_5Lvt1-vsQu8z2Djs/sm:1/w:427/h:320/cz/M6Ly9wcm9kLWNhd/GFsb2ctbWVkaWEvc2kvMS8wNzYwNkU2MkI5MDM0RDZDODNCQzAwQjg/0MEI1N0JBQTg2QTZFMUU3NTVDMjBCOEIwRTA4MUJBODU4MDgzODFBLmpwZw.jpg"
    ],
    "image_accessibility": "Trije hlebčki pšeničnega kruha v košarici.",
    "detailed_images": [
      {
        "url": "https://imgproxy-retcat.assets.schwarz/BsAbDabAsoOXvBeNp2xeusYsoi_5Lvt1-vsQu8z2Djs/sm:1/w:427/h:320/cz/M6Ly9wcm9kLWNhd/GFsb2ctbWVkaWEvc2kvMS8wNzYwNkU2MkI5MDM0RDZDODNCQzAwQjg/0MEI1N0JBQTg2QTZFMUU3NTVDMjBCOEIwRTA4MUJBODU4MDgzODFBLmpwZw.jpg",
        "accessibility": "Trije hlebčki pšeničnega kruha v košarici."
      }
    ],
    "analytics_category": "Food",
    "more_details": "Dodatne podrobnosti o izdelku",
    "won_category_primary": "Svetovi potreb/Hrana in bližnja hrana/Kruh in pekovsko pecivo",
    "won_category_primary_path": "0/17/1713",
    "canonical_path": "/p/polnozrnata-lepinja/p10079562",
    "canonical_url": "/p/polnozrnata-lepinja/p10079562",
    "awards": [],
    "seals": [],
    "ribbons": [],
    "highlighted_seals": 0,
    "lidl_plus": [],
    "regions": [],
    "ians": [
      "6908498"
    ],
    "show_brand": false,
    "deal_of_day_active": false,
    "full_title_meta": "Polnozrnata lepinja",
    "lists": [
      4991
    ],
    "preview": false,
    "category_breadcrumbs": [
      {
        "id": "10068374",
        "name": "Hrana in pijača",
        "url": "/c/hrana-in-pijaca/s10068374",
        "hidden": false
      },
      {
        "id": "10071015",
        "name": "Kruh in pekovski izdelki",
        "url": "/h/kruh-in-pekovski-izdelki/h10071015",
        "hidden": false
      }
    ],
    "campaigns": [
      {
        "id": "Current_Sales_Week",
        "name": "Ta teden",
        "url": null,
        "hidden": false
      },
      {
        "id": "10075258",
        "name": "Tvoja Lidl cena",
        "url": "/c/tvoja-lidl-cena/a10075258",
        "hidden": false
      }
    ],
    "world_of_needs_code": "1713",
    "world_of_needs_name": "Kruh in pekovsko pecivo",
    "world_of_needs_parent": "17",
    "is_main_category": true,
    "super_categories": [
      {
        "code": "17",
        "name": "Hrana in bližnja hrana",
        "parent": "0"
      },
      {
        "code": "0",
        "name": "Svetovi potreb",
        "parent": ""
      }
    ],
    "position": 136,
    "tracking_payload": {
      "searchTrackingMasterId": "Product.10079562",
      "searchTrackingTitle": "Polnozrnata+lepinja",
      "searchTrackingPageSize": 100,
      "searchTrackingPage": 2,
      "searchTrackingEvent": "click",
      "list": "search",
      "searchTrackingId": "Product.10079562",
      "searchTrackingOrigPos": 1,
      "searchTrackingPos": 136,
      "searchTrackingOrigPageSize": 100,
      "searchTrackingChannel": "SI",
      "category": "Food"
    }
  },
  {
    "code": "10079594",
    "name": "Sladoledne rezine",
    "url": "",
    "result_class": "product",
    "type": "product",
    "product_id": 10079594,
    "erp_number": "10079594",
    "item_id": 10079594,
    "full_title": "BOUNTY/MARS/SNICKERS/TWIX Sladoledne rezine",
    "title": "Sladoledne rezine",
    "category": "Food",
    "product_type": "RETAIL",
    "age_restriction": false,
    "is_used_product": false,
    "multipack": false,
    "online": false,
    "store": false,
    "quick_add_to_cart": false,
    "flash_sales": false,
    "having_videos": false,
    "having_threesixty": false,
    "price": 3.99,
    "old_price": 0.0,
    "currency_code": "EUR",
    "currency_symbol": "€",
    "has_star": true,
    "has_vat": false,
    "price_theme": "white_red",
    "variants_have_different_prices": false,
    "base_price_text": "1 kg = 14.58 - 19.44",
    "base_price_prefix": false,
    "packaging_text": "6 x 45,6 - 34,2 g",
    "discount_deleted_price": null,
    "discount_text": "ZGRABITE PRILOŽNOST!",
    "discount_percentage": null,
    "discount_has_star": false,
    "show_discount": false,
    "show_percentage": false,
    "from_recommended_price": false,
    "availability_indicator": 0,
    "online_available": false,
    "min_orderable_quantity": 1,
    "orderable_quantities": [],
    "badge_texts": [
      "V trgovini od 10.07. do 16.07."
    ],
    "badge_types": [
      "IN_STORE_FROM_FUTURE_DATE_RANGE"
    ],
    "main_image": "https://imgproxy-retcat.assets.schwarz/psMEeb4z7u-FVSDwuviz4Yq0ZXpFEcauCN-iBF_7Buo/sm:1/w:427/h:320/cz/M6Ly9wcm9kLWNhd/GFsb2ctbWVkaWEvc2kvMS81RkQ3MTlBNDhCNDU2NUU2OEUxNUEyOTY/1NTc2NjZDRkFDRTdBMTM2MkQ3QkYwRTI0REJEOTMyMzQzNkVGRDM0LmpwZw.jpg",
    "image_list": [
      "https://imgproxy-retcat.assets.schwarz/psMEeb4z7u-FVSDwuviz4Yq0ZXpFEcauCN-iBF_7Buo/sm:1/w:427/h:320/cz/M6Ly9wcm9kLWNhd/GFsb2ctbWVkaWEvc2kvMS81RkQ3MTlBNDhCNDU2NUU2OEUxNUEyOTY/1NTc2NjZDRkFDRTdBMTM2MkQ3QkYwRTI0REJEOTMyMzQzNkVGRDM0LmpwZw.jpg",
      "https://imgproxy-retcat.assets.schwarz/uI5fNfYfsZo3Z8R9M3pgOwa2PJqgkXw9fnM4g_Expz4/sm:1/w:427/h:320/cz/M6Ly9wcm9kLWNhd/GFsb2ctbWVkaWEvc2kvMS9FNTRGQ0FBNEFCQ0Y4OTY0M0ZBNUVGNUN/DRDA3NjlDQjExQ0U0QTA3RjY1OEYwMTA3QjUxNEVEQzk1RTM0ODUyLmpwZw.jpg",
      "https://imgproxy-retcat.assets.schwarz/fZUVpwCsi-HwqOgtaDpChjrzEL4DnpgLwvxsPnOn3Rs/sm:1/w:427/h:320/cz/M6Ly9wcm9kLWNhd/GFsb2ctbWVkaWEvc2kvMS9COTkxQzY5MzJFQjdEOUMzMDhCOTU2OUY/wRDIyRTIwRDNGM0EzNTI5OUQzRjY2RjVDMTdEODQ3MTM2MTU2QUMxLmpwZw.jpg"
    ],
    "image_accessibility": "Škatle čokoladnih ploščic Mars, Twix, Snickers in Bounty.",
    "detailed_images": [
      {
        "url": "https://imgproxy-retcat.assets.schwarz/psMEeb4z7u-FVSDwuviz4Yq0ZXpFEcauCN-iBF_7Buo/sm:1/w:427/h:320/cz/M6Ly9wcm9kLWNhd/GFsb2ctbWVkaWEvc2kvMS81RkQ3MTlBNDhCNDU2NUU2OEUxNUEyOTY/1NTc2NjZDRkFDRTdBMTM2MkQ3QkYwRTI0REJEOTMyMzQzNkVGRDM0LmpwZw.jpg",
        "accessibility": "Škatle čokoladnih ploščic Mars, Twix, Snickers in Bounty."
      },
      {
        "url": "https://imgproxy-retcat.assets.schwarz/uI5fNfYfsZo3Z8R9M3pgOwa2PJqgkXw9fnM4g_Expz4/sm:1/w:427/h:320/cz/M6Ly9wcm9kLWNhd/GFsb2ctbWVkaWEvc2kvMS9FNTRGQ0FBNEFCQ0Y4OTY0M0ZBNUVGNUN/DRDA3NjlDQjExQ0U0QTA3RjY1OEYwMTA3QjUxNEVEQzk1RTM0ODUyLmpwZw.jpg",
        "accessibility": "Škatla s 6 Mars sladolednimi kockami."
      },
      {
        "url": "https://imgproxy-retcat.assets.schwarz/fZUVpwCsi-HwqOgtaDpChjrzEL4DnpgLwvxsPnOn3Rs/sm:1/w:427/h:320/cz/M6Ly9wcm9kLWNhd/GFsb2ctbWVkaWEvc2kvMS9COTkxQzY5MzJFQjdEOUMzMDhCOTU2OUY/wRDIyRTIwRDNGM0EzNTI5OUQzRjY2RjVDMTdEODQ3MTM2MTU2QUMxLmpwZw.jpg",
        "accessibility": "Škatla Snickers sladoleda z 6 palčkami."
      }
    ],
    "analytics_category": "Food",
    "more_details": "Dodatne podrobnosti o izdelku",
    "won_category_primary": "Svetovi potreb/Hrana in bližnja hrana/Zamrznjena hrana (Zamrznjena hrana)",
    "won_category_primary_path": "0/17/1716",
    "canonical_path": "/p/bounty-mars-snickers-twix-sladoledne-rezine/p10079594",
    "canonical_url": "/p/bounty-mars-snickers-twix-sladoledne-rezine/p10079594",
    "awards": [],
    "seals": [],
    "ribbons": [],
    "highlighted_seals": 0,
    "lidl_plus": [],
    "regions": [],
    "ians": [
      "7308945"
    ],
    "show_brand": true,
    "deal_of_day_active": false,
    "full_title_meta": "BOUNTY/MARS/SNICKERS/TWIX Sladoledne rezine",
    "lists": [
      4991
    ],
    "preview": false,
    "category_breadcrumbs": [
      {
        "id": "10068374",
        "name": "Hrana in pijača",
        "url": "/c/hrana-in-pijaca/s10068374",
        "hidden": false
      },
      {
        "id": "10071049",
        "name": "Zamrznjena hrana",
        "url": "/h/zamrznjena-hrana/h10071049",
        "hidden": false
      }
    ],
    "campaigns": [
      {
        "id": "Current_Sales_Week",
        "name": "Ta teden",
        "url": null,
        "hidden": false
      },
      {
        "id": "10072826",
        "name": "Tvoja osvežitev se začne v Lidlu.",
        "url": "/c/tvoja-osvezitev-se-zacne-v-lidlu/a10072826",
        "hidden": false
      }
    ],
    "world_of_needs_code": "1716",
    "world_of_needs_name": "Zamrznjena hrana (Zamrznjena hrana)",
    "world_of_needs_parent": "17",
    "is_main_category": true,
    "super_categories": [
      {
        "code": "17",
        "name": "Hrana in bližnja hrana",
        "parent": "0"
      },
      {
        "code": "0",
        "name": "Svetovi potreb",
        "parent": ""
      }
    ],
    "position": 137,
    "tracking_payload": {
      "searchTrackingMasterId": "Product.10079594",
      "searchTrackingTitle": "Sladoledne+rezine",
      "searchTrackingPageSize": 100,
      "searchTrackingPage": 2,
      "searchTrackingEvent": "click",
      "list": "search",
      "searchTrackingId": "Product.10079594",
      "searchTrackingOrigPos": 1,
      "searchTrackingPos": 137,
      "searchTrackingOrigPageSize": 100,
      "searchTrackingChannel": "SI",
      "category": "Food"
    }
  },
  {
    "code": "10079786",
    "name": "Čokolino, 1,8 kg",
    "url": "",
    "result_class": "product",
    "type": "product",
    "product_id": 10079786,
    "erp_number": "10079786",
    "item_id": 10079786,
    "full_title": "PODRAVKA Čokolino, 1,8 kg",
    "title": "Čokolino, 1,8 kg",
    "category": "Food",
    "product_type": "RETAIL",
    "age_restriction": false,
    "is_used_product": false,
    "multipack": false,
    "online": false,
    "store": false,
    "quick_add_to_cart": false,
    "flash_sales": false,
    "having_videos": false,
    "having_threesixty": false,
    "price": 13.99,
    "old_price": 0.0,
    "currency_code": "EUR",
    "currency_symbol": "€",
    "has_star": true,
    "has_vat": false,
    "price_theme": "white_red",
    "variants_have_different_prices": false,
    "base_price_text": "1 kg = 7.77",
    "base_price_prefix": false,
    "packaging_text": "1,8 kg",
    "discount_deleted_price": null,
    "discount_text": "JUMBO PACK",
    "discount_percentage": null,
    "discount_has_star": false,
    "show_discount": false,
    "show_percentage": false,
    "from_recommended_price": false,
    "availability_indicator": 0,
    "online_available": false,
    "min_orderable_quantity": 1,
    "orderable_quantities": [],
    "badge_texts": [
      "V trgovini od 10.07. do 16.07."
    ],
    "badge_types": [
      "IN_STORE_FROM_FUTURE_DATE_RANGE"
    ],
    "main_image": "https://imgproxy-retcat.assets.schwarz/fAvWPjRPicUD6dv_vgpXSceK5xbeHvg1DYEBQl3Ke1Q/sm:1/w:427/h:320/cz/M6Ly9wcm9kLWNhd/GFsb2ctbWVkaWEvc2kvMS8zQjcyRjRGRjhBQTNERTdBN0E5QjM4N0J/DQjkxOTcxQkRFNzZFMEZFNDE1RDMwMUFEQjFCMjk3MkY1RjE5MUJGLmpwZw.jpg",
    "image_list": [
      "https://imgproxy-retcat.assets.schwarz/fAvWPjRPicUD6dv_vgpXSceK5xbeHvg1DYEBQl3Ke1Q/sm:1/w:427/h:320/cz/M6Ly9wcm9kLWNhd/GFsb2ctbWVkaWEvc2kvMS8zQjcyRjRGRjhBQTNERTdBN0E5QjM4N0J/DQjkxOTcxQkRFNzZFMEZFNDE1RDMwMUFEQjFCMjk3MkY1RjE5MUJGLmpwZw.jpg"
    ],
    "image_accessibility": "Pakiranje otroškega čokoladnega kašastega napitka Tokolino.",
    "detailed_images": [
      {
        "url": "https://imgproxy-retcat.assets.schwarz/fAvWPjRPicUD6dv_vgpXSceK5xbeHvg1DYEBQl3Ke1Q/sm:1/w:427/h:320/cz/M6Ly9wcm9kLWNhd/GFsb2ctbWVkaWEvc2kvMS8zQjcyRjRGRjhBQTNERTdBN0E5QjM4N0J/DQjkxOTcxQkRFNzZFMEZFNDE1RDMwMUFEQjFCMjk3MkY1RjE5MUJGLmpwZw.jpg",
        "accessibility": "Pakiranje otroškega čokoladnega kašastega napitka Tokolino."
      }
    ],
    "analytics_category": "Food",
    "more_details": "Dodatne podrobnosti o izdelku",
    "won_category_primary": "Svetovi potreb/Hrana in bližnja hrana/Prigrizki in slaščice",
    "won_category_primary_path": "0/17/1721",
    "canonical_path": "/p/podravka-cokolino-1-8-kg/p10079786",
    "canonical_url": "/p/podravka-cokolino-1-8-kg/p10079786",
    "awards": [],
    "seals": [],
    "ribbons": [],
    "highlighted_seals": 0,
    "lidl_plus": [],
    "regions": [],
    "ians": [
      "6901035"
    ],
    "show_brand": true,
    "deal_of_day_active": false,
    "full_title_meta": "PODRAVKA Čokolino, 1,8 kg",
    "lists": [
      4941,
      4991
    ],
    "preview": false,
    "category_breadcrumbs": [
      {
        "id": "10068374",
        "name": "Hrana in pijača",
        "url": "/c/hrana-in-pijaca/s10068374",
        "hidden": false
      },
      {
        "id": "10071044",
        "name": "Prigrizki in sladkarije",
        "url": "/h/prigrizki-in-sladkarije/h10071044",
        "hidden": false
      }
    ],
    "campaigns": [
      {
        "id": "Current_Sales_Week",
        "name": "Ta teden",
        "url": null,
        "hidden": false
      },
      {
        "id": "10075258",
        "name": "Tvoja Lidl cena",
        "url": "/c/tvoja-lidl-cena/a10075258",
        "hidden": false
      }
    ],
    "world_of_needs_code": "1721",
    "world_of_needs_name": "Prigrizki in slaščice",
    "world_of_needs_parent": "17",
    "is_main_category": true,
    "super_categories": [
      {
        "code": "17",
        "name": "Hrana in bližnja hrana",
        "parent": "0"
      },
      {
        "code": "0",
        "name": "Svetovi potreb",
        "parent": ""
      }
    ],
    "position": 138,
    "tracking_payload": {
      "searchTrackingMasterId": "Product.10079786",
      "searchTrackingTitle": "%C4%8Cokolino%2C+1%2C8+kg",
      "searchTrackingPageSize": 100,
      "searchTrackingPage": 2,
      "searchTrackingEvent": "click",
      "list": "search",
      "searchTrackingId": "Product.10079786",
      "searchTrackingOrigPos": 1,
      "searchTrackingPos": 138,
      "searchTrackingOrigPageSize": 100,
      "searchTrackingChannel": "SI",
      "category": "Food"
    }
  },
  {
    "code": "10080291",
    "name": "Sveži sarajevski čevapčiči",
    "url": "",
    "result_class": "product",
    "type": "product",
    "product_id": 10080291,
    "erp_number": "10080291",
    "item_id": 10080291,
    "full_title": "ŽAR LEGENDE Sveži sarajevski čevapčiči",
    "title": "Sveži sarajevski čevapčiči",
    "category": "Food",
    "product_type": "RETAIL",
    "age_restriction": false,
    "is_used_product": false,
    "multipack": false,
    "online": false,
    "store": false,
    "quick_add_to_cart": false,
    "flash_sales": false,
    "having_videos": false,
    "having_threesixty": false,
    "price": 7.49,
    "old_price": 0.0,
    "currency_code": "EUR",
    "currency_symbol": "€",
    "has_star": true,
    "has_vat": false,
    "price_theme": "white_red",
    "variants_have_different_prices": false,
    "base_price_text": "1 kg = 7.80",
    "base_price_prefix": false,
    "packaging_text": "960 g",
    "discount_deleted_price": null,
    "discount_text": "ZGRABITE PRILOŽNOST!",
    "discount_percentage": null,
    "discount_has_star": false,
    "show_discount": false,
    "show_percentage": false,
    "from_recommended_price": false,
    "availability_indicator": 0,
    "online_available": false,
    "min_orderable_quantity": 1,
    "orderable_quantities": [],
    "badge_texts": [
      "V trgovini od 10.07. do 16.07."
    ],
    "badge_types": [
      "IN_STORE_FROM_FUTURE_DATE_RANGE"
    ],
    "main_image": "https://imgproxy-retcat.assets.schwarz/vUqZj2DziyUDxg2BAPEOmYBGIHCq8ViJ0fiE9oD4iwk/sm:1/w:427/h:320/cz/M6Ly9wcm9kLWNhd/GFsb2ctbWVkaWEvc2kvMS9GMkRFQTg1NDhFRDhFMkIxNDI0N0M0NUE/3QUYwMjNDNTJCQ0I2MDlGRjY3N0YwQ0JGMDQ1NkIzQ0Y5NTQ4ODRGLmpwZw.jpg",
    "image_list": [
      "https://imgproxy-retcat.assets.schwarz/vUqZj2DziyUDxg2BAPEOmYBGIHCq8ViJ0fiE9oD4iwk/sm:1/w:427/h:320/cz/M6Ly9wcm9kLWNhd/GFsb2ctbWVkaWEvc2kvMS9GMkRFQTg1NDhFRDhFMkIxNDI0N0M0NUE/3QUYwMjNDNTJCQ0I2MDlGRjY3N0YwQ0JGMDQ1NkIzQ0Y5NTQ4ODRGLmpwZw.jpg"
    ],
    "image_accessibility": "Paket šestih govejih čevapčičev znamke Drogheria.",
    "detailed_images": [
      {
        "url": "https://imgproxy-retcat.assets.schwarz/vUqZj2DziyUDxg2BAPEOmYBGIHCq8ViJ0fiE9oD4iwk/sm:1/w:427/h:320/cz/M6Ly9wcm9kLWNhd/GFsb2ctbWVkaWEvc2kvMS9GMkRFQTg1NDhFRDhFMkIxNDI0N0M0NUE/3QUYwMjNDNTJCQ0I2MDlGRjY3N0YwQ0JGMDQ1NkIzQ0Y5NTQ4ODRGLmpwZw.jpg",
        "accessibility": "Paket šestih govejih čevapčičev znamke Drogheria."
      }
    ],
    "analytics_category": "Food",
    "more_details": "Dodatne podrobnosti o izdelku",
    "won_category_primary": "Svetovi potreb/Hrana in bližnja hrana/Klobase in meso",
    "won_category_primary_path": "0/17/1717",
    "canonical_path": "/p/zar-legende-svezi-sarajevski-cevapcici/p10080291",
    "canonical_url": "/p/zar-legende-svezi-sarajevski-cevapcici/p10080291",
    "awards": [],
    "seals": [
      {
        "altText": "Slovenski izdelek",
        "image": "https://imgproxy-retcat.assets.schwarz/065GlWscfuyzRNlqdEjgEaZNE6893872XSglFaanlJA/sm:1/w:140/cz/M6Ly9wcm9kLWNhd/GFsb2ctbWVkaWEvc2kvMi83RTk4NkYyRDk1MTlDRUJBNzA1N0JGMzA/1QjA1NjUyRjVCMjMzNzZGRjY4MzVEREFGQzIwQzE5NDVFQUE5M0RCLnBuZw.png"
      }
    ],
    "ribbons": [],
    "highlighted_seals": 0,
    "lidl_plus": [],
    "regions": [],
    "ians": [
      "7306899"
    ],
    "show_brand": true,
    "deal_of_day_active": false,
    "full_title_meta": "ŽAR LEGENDE Sveži sarajevski čevapčiči",
    "lists": [
      4945,
      4991
    ],
    "preview": false,
    "category_breadcrumbs": [
      {
        "id": "10068374",
        "name": "Hrana in pijača",
        "url": "/c/hrana-in-pijaca/s10068374",
        "hidden": false
      },
      {
        "id": "10071016",
        "name": "Meso in mesni izdelki",
        "url": "/h/meso-in-mesni-izdelki/h10071016",
        "hidden": false
      }
    ],
    "campaigns": [
      {
        "id": "Current_Sales_Week",
        "name": "Ta teden",
        "url": null,
        "hidden": false
      },
      {
        "id": "10075258",
        "name": "Tvoja Lidl cena",
        "url": "/c/tvoja-lidl-cena/a10075258",
        "hidden": false
      }
    ],
    "world_of_needs_code": "1717",
    "world_of_needs_name": "Klobase in meso",
    "world_of_needs_parent": "17",
    "is_main_category": true,
    "super_categories": [
      {
        "code": "17",
        "name": "Hrana in bližnja hrana",
        "parent": "0"
      },
      {
        "code": "0",
        "name": "Svetovi potreb",
        "parent": ""
      }
    ],
    "position": 139,
    "tracking_payload": {
      "searchTrackingMasterId": "Product.10080291",
      "searchTrackingTitle": "Sve%C5%BEi+sarajevski+%C4%8Devap%C4%8Di%C4%8Di",
      "searchTrackingPageSize": 100,
      "searchTrackingPage": 2,
      "searchTrackingEvent": "click",
      "list": "search",
      "searchTrackingId": "Product.10080291",
      "searchTrackingOrigPos": 1,
      "searchTrackingPos": 139,
      "searchTrackingOrigPageSize": 100,
      "searchTrackingChannel": "SI",
      "category": "Food"
    }
  },
  {
    "code": "10080696",
    "name": "Sveže kunčje meso",
    "url": "",
    "result_class": "product",
    "type": "product",
    "product_id": 10080696,
    "erp_number": "10080696",
    "item_id": 10080696,
    "full_title": "HUSFARM Sveže kunčje meso",
    "title": "Sveže kunčje meso",
    "category": "Food",
    "product_type": "RETAIL",
    "age_restriction": false,
    "is_used_product": false,
    "multipack": false,
    "online": false,
    "store": false,
    "quick_add_to_cart": false,
    "flash_sales": false,
    "having_videos": false,
    "having_threesixty": false,
    "price": 4.99,
    "old_price": 0.0,
    "currency_code": "EUR",
    "currency_symbol": "€",
    "has_star": true,
    "has_vat": false,
    "price_theme": "white_red",
    "variants_have_different_prices": false,
    "base_price_text": "1 kg = 8.32",
    "base_price_prefix": false,
    "packaging_text": "600 g",
    "discount_deleted_price": null,
    "discount_text": "ZGRABITE PRILOŽNOST!",
    "discount_percentage": null,
    "discount_has_star": false,
    "show_discount": false,
    "show_percentage": false,
    "from_recommended_price": false,
    "availability_indicator": 0,
    "online_available": false,
    "min_orderable_quantity": 1,
    "orderable_quantities": [],
    "badge_texts": [
      "V trgovini od 14.07. do 16.07."
    ],
    "badge_types": [
      "IN_STORE_FROM_FUTURE_DATE_RANGE"
    ],
    "main_image": "https://imgproxy-retcat.assets.schwarz/ij6d9IjO4nBGleoGsQp3qRUQABDnF1a34gLAr_JaZyQ/sm:1/w:427/h:320/cz/M6Ly9wcm9kLWNhd/GFsb2ctbWVkaWEvc2kvMS9DM0M2MDEyQUFBRjQyOTVCMDUzRTQwQjc/yQTZDMDI1MTZGNjQ5M0NBOTBBNEIyMTNCNjUyRkM3OUQzQkY2OTVBLmpwZw.jpg",
    "image_list": [
      "https://imgproxy-retcat.assets.schwarz/ij6d9IjO4nBGleoGsQp3qRUQABDnF1a34gLAr_JaZyQ/sm:1/w:427/h:320/cz/M6Ly9wcm9kLWNhd/GFsb2ctbWVkaWEvc2kvMS9DM0M2MDEyQUFBRjQyOTVCMDUzRTQwQjc/yQTZDMDI1MTZGNjQ5M0NBOTBBNEIyMTNCNjUyRkM3OUQzQkY2OTVBLmpwZw.jpg"
    ],
    "image_accessibility": "Zajčje meso: stegna, ledja in drugi deli na temnem podstavku.",
    "detailed_images": [
      {
        "url": "https://imgproxy-retcat.assets.schwarz/ij6d9IjO4nBGleoGsQp3qRUQABDnF1a34gLAr_JaZyQ/sm:1/w:427/h:320/cz/M6Ly9wcm9kLWNhd/GFsb2ctbWVkaWEvc2kvMS9DM0M2MDEyQUFBRjQyOTVCMDUzRTQwQjc/yQTZDMDI1MTZGNjQ5M0NBOTBBNEIyMTNCNjUyRkM3OUQzQkY2OTVBLmpwZw.jpg",
        "accessibility": "Zajčje meso: stegna, ledja in drugi deli na temnem podstavku."
      }
    ],
    "analytics_category": "Food",
    "more_details": "Dodatne podrobnosti o izdelku",
    "won_category_primary": "Svetovi potreb/Hrana in bližnja hrana/Klobase in meso",
    "won_category_primary_path": "0/17/1717",
    "canonical_path": "/p/husfarm-sveze-kuncje-meso/p10080696",
    "canonical_url": "/p/husfarm-sveze-kuncje-meso/p10080696",
    "awards": [],
    "seals": [],
    "ribbons": [],
    "highlighted_seals": 0,
    "lidl_plus": [],
    "regions": [],
    "ians": [
      "6405236"
    ],
    "show_brand": true,
    "deal_of_day_active": false,
    "full_title_meta": "HUSFARM Sveže kunčje meso",
    "lists": [
      4991
    ],
    "preview": false,
    "category_breadcrumbs": [
      {
        "id": "10068374",
        "name": "Hrana in pijača",
        "url": "/c/hrana-in-pijaca/s10068374",
        "hidden": false
      },
      {
        "id": "10071016",
        "name": "Meso in mesni izdelki",
        "url": "/h/meso-in-mesni-izdelki/h10071016",
        "hidden": false
      }
    ],
    "campaigns": [
      {
        "id": "Next_Sales_Week",
        "name": "Naslednji teden",
        "url": null,
        "hidden": false
      },
      {
        "id": "10075264",
        "name": "Tvoja Lidl cena",
        "url": "/c/tvoja-lidl-cena/a10075264",
        "hidden": false
      }
    ],
    "world_of_needs_code": "1717",
    "world_of_needs_name": "Klobase in meso",
    "world_of_needs_parent": "17",
    "is_main_category": true,
    "super_categories": [
      {
        "code": "17",
        "name": "Hrana in bližnja hrana",
        "parent": "0"
      },
      {
        "code": "0",
        "name": "Svetovi potreb",
        "parent": ""
      }
    ],
    "position": 140,
    "tracking_payload": {
      "searchTrackingMasterId": "Product.10080696",
      "searchTrackingTitle": "Sve%C5%BEe+kun%C4%8Dje+meso",
      "searchTrackingPageSize": 100,
      "searchTrackingPage": 2,
      "searchTrackingEvent": "click",
      "list": "search",
      "searchTrackingId": "Product.10080696",
      "searchTrackingOrigPos": 1,
      "searchTrackingPos": 140,
      "searchTrackingOrigPageSize": 100,
      "searchTrackingChannel": "SI",
      "category": "Food"
    }
  },
  {
    "code": "10081077",
    "name": "Mladi krompir, 2,5 kg",
    "url": "",
    "result_class": "product",
    "type": "product",
    "product_id": 10081077,
    "erp_number": "10081077",
    "item_id": 10081077,
    "full_title": "Mladi krompir, 2,5 kg",
    "title": "Mladi krompir, 2,5 kg",
    "category": "Food",
    "product_type": "RETAIL",
    "age_restriction": false,
    "is_used_product": false,
    "multipack": false,
    "online": false,
    "store": false,
    "quick_add_to_cart": false,
    "flash_sales": false,
    "having_videos": false,
    "having_threesixty": false,
    "price": 1.99,
    "old_price": 0.0,
    "currency_code": "EUR",
    "currency_symbol": "€",
    "has_star": true,
    "has_vat": false,
    "price_theme": "white_red",
    "variants_have_different_prices": false,
    "base_price_text": "1 kg = 0.80",
    "base_price_prefix": false,
    "packaging_text": "2,5 kg",
    "discount_deleted_price": null,
    "discount_text": "ZGRABITE PRILOŽNOST!",
    "discount_percentage": null,
    "discount_has_star": false,
    "show_discount": false,
    "show_percentage": false,
    "from_recommended_price": false,
    "availability_indicator": 0,
    "online_available": false,
    "min_orderable_quantity": 1,
    "orderable_quantities": [],
    "badge_texts": [
      "V trgovini od 10.07. do 12.07."
    ],
    "badge_types": [
      "IN_STORE_FROM_FUTURE_DATE_RANGE"
    ],
    "main_image": "https://imgproxy-retcat.assets.schwarz/XeKRPcu_rG7I-Lk4RITivvNAJHVRghHIJWq_Rw2g86I/sm:1/w:427/h:320/cz/M6Ly9wcm9kLWNhd/GFsb2ctbWVkaWEvc2kvMS9EQkY3ODY4N0M0RTgzNEFEODg1N0JGMTg/2OEYzOTE2MzNERTBERDgzN0ZDRjI3QzRFOTcwQjM0RERCOTdDQUUxLmpwZw.jpg",
    "image_list": [
      "https://imgproxy-retcat.assets.schwarz/XeKRPcu_rG7I-Lk4RITivvNAJHVRghHIJWq_Rw2g86I/sm:1/w:427/h:320/cz/M6Ly9wcm9kLWNhd/GFsb2ctbWVkaWEvc2kvMS9EQkY3ODY4N0M0RTgzNEFEODg1N0JGMTg/2OEYzOTE2MzNERTBERDgzN0ZDRjI3QzRFOTcwQjM0RERCOTdDQUUxLmpwZw.jpg"
    ],
    "image_accessibility": "Košara rumenih krompirjev.",
    "detailed_images": [
      {
        "url": "https://imgproxy-retcat.assets.schwarz/XeKRPcu_rG7I-Lk4RITivvNAJHVRghHIJWq_Rw2g86I/sm:1/w:427/h:320/cz/M6Ly9wcm9kLWNhd/GFsb2ctbWVkaWEvc2kvMS9EQkY3ODY4N0M0RTgzNEFEODg1N0JGMTg/2OEYzOTE2MzNERTBERDgzN0ZDRjI3QzRFOTcwQjM0RERCOTdDQUUxLmpwZw.jpg",
        "accessibility": "Košara rumenih krompirjev."
      }
    ],
    "analytics_category": "Food",
    "more_details": "Dodatne podrobnosti o izdelku",
    "won_category_primary": "Svetovi potreb/Hrana in bližnja hrana/Sadje in zelenjava",
    "won_category_primary_path": "0/17/1710",
    "canonical_path": "/p/mladi-krompir-2-5-kg/p10081077",
    "canonical_url": "/p/mladi-krompir-2-5-kg/p10081077",
    "awards": [],
    "seals": [
      {
        "altText": "Slovenski izdelek",
        "image": "https://imgproxy-retcat.assets.schwarz/065GlWscfuyzRNlqdEjgEaZNE6893872XSglFaanlJA/sm:1/w:140/cz/M6Ly9wcm9kLWNhd/GFsb2ctbWVkaWEvc2kvMi83RTk4NkYyRDk1MTlDRUJBNzA1N0JGMzA/1QjA1NjUyRjVCMjMzNzZGRjY4MzVEREFGQzIwQzE5NDVFQUE5M0RCLnBuZw.png"
      }
    ],
    "ribbons": [],
    "highlighted_seals": 0,
    "lidl_plus": [],
    "regions": [],
    "ians": [
      "83245"
    ],
    "show_brand": false,
    "deal_of_day_active": false,
    "full_title_meta": "Mladi krompir, 2,5 kg",
    "lists": [
      4991
    ],
    "preview": false,
    "category_breadcrumbs": [
      {
        "id": "10068374",
        "name": "Hrana in pijača",
        "url": "/c/hrana-in-pijaca/s10068374",
        "hidden": false
      },
      {
        "id": "10071012",
        "name": "Sadje in zelenjava",
        "url": "/h/sadje-in-zelenjava/h10071012",
        "hidden": false
      }
    ],
    "campaigns": [
      {
        "id": "Current_Sales_Week",
        "name": "Ta teden",
        "url": null,
        "hidden": false
      },
      {
        "id": "10075258",
        "name": "Tvoja Lidl cena",
        "url": "/c/tvoja-lidl-cena/a10075258",
        "hidden": false
      }
    ],
    "world_of_needs_code": "1710",
    "world_of_needs_name": "Sadje in zelenjava",
    "world_of_needs_parent": "17",
    "is_main_category": true,
    "super_categories": [
      {
        "code": "17",
        "name": "Hrana in bližnja hrana",
        "parent": "0"
      },
      {
        "code": "0",
        "name": "Svetovi potreb",
        "parent": ""
      }
    ],
    "position": 141,
    "tracking_payload": {
      "searchTrackingMasterId": "Product.10081077",
      "searchTrackingTitle": "Mladi+krompir%2C+2%2C5+kg",
      "searchTrackingPageSize": 100,
      "searchTrackingPage": 2,
      "searchTrackingEvent": "click",
      "list": "search",
      "searchTrackingId": "Product.10081077",
      "searchTrackingOrigPos": 1,
      "searchTrackingPos": 141,
      "searchTrackingOrigPageSize": 100,
      "searchTrackingChannel": "SI",
      "category": "Food"
    }
  },
  {
    "code": "10081383",
    "name": "Ananas",
    "url": "",
    "result_class": "product",
    "type": "product",
    "product_id": 10081383,
    "erp_number": "10081383",
    "item_id": 10081383,
    "full_title": "Ananas",
    "title": "Ananas",
    "category": "Food",
    "product_type": "RETAIL",
    "age_restriction": false,
    "is_used_product": false,
    "multipack": false,
    "online": false,
    "store": false,
    "quick_add_to_cart": false,
    "flash_sales": false,
    "having_videos": false,
    "having_threesixty": false,
    "price": null,
    "old_price": null,
    "currency_code": "EUR",
    "currency_symbol": "€",
    "has_star": true,
    "has_vat": false,
    "price_theme": null,
    "variants_have_different_prices": false,
    "base_price_text": null,
    "base_price_prefix": null,
    "packaging_text": null,
    "discount_deleted_price": null,
    "discount_text": null,
    "discount_percentage": null,
    "discount_has_star": null,
    "show_discount": null,
    "show_percentage": null,
    "from_recommended_price": null,
    "availability_indicator": 0,
    "online_available": false,
    "min_orderable_quantity": 1,
    "orderable_quantities": [],
    "badge_texts": [
      "V trgovini od 10.07. do 12.07."
    ],
    "badge_types": [
      "IN_STORE_FROM_FUTURE_DATE_RANGE"
    ],
    "main_image": "https://imgproxy-retcat.assets.schwarz/dr0gMtlo3kf23CnrbUEEG5wabUSJk-IK-bLthmdrjyo/sm:1/w:427/h:320/cz/M6Ly9wcm9kLWNhd/GFsb2ctbWVkaWEvc2kvMS8zRDUwNjIwN0I5MDhGMDJFMjlENDE5RDZ/DOEVFMDI1RDY4RkZCMzlDREYxOEQyRDlENjk5NkYyNzhENTZFOEQyLmpwZw.jpg",
    "image_list": [
      "https://imgproxy-retcat.assets.schwarz/dr0gMtlo3kf23CnrbUEEG5wabUSJk-IK-bLthmdrjyo/sm:1/w:427/h:320/cz/M6Ly9wcm9kLWNhd/GFsb2ctbWVkaWEvc2kvMS8zRDUwNjIwN0I5MDhGMDJFMjlENDE5RDZ/DOEVFMDI1RDY4RkZCMzlDREYxOEQyRDlENjk5NkYyNzhENTZFOEQyLmpwZw.jpg"
    ],
    "image_accessibility": "Tri ananasovi plodovi na rjavem pladnju.",
    "detailed_images": [
      {
        "url": "https://imgproxy-retcat.assets.schwarz/dr0gMtlo3kf23CnrbUEEG5wabUSJk-IK-bLthmdrjyo/sm:1/w:427/h:320/cz/M6Ly9wcm9kLWNhd/GFsb2ctbWVkaWEvc2kvMS8zRDUwNjIwN0I5MDhGMDJFMjlENDE5RDZ/DOEVFMDI1RDY4RkZCMzlDREYxOEQyRDlENjk5NkYyNzhENTZFOEQyLmpwZw.jpg",
        "accessibility": "Tri ananasovi plodovi na rjavem pladnju."
      }
    ],
    "analytics_category": "Food",
    "more_details": "Dodatne podrobnosti o izdelku",
    "won_category_primary": "Svetovi potreb/Hrana in bližnja hrana/Sadje in zelenjava",
    "won_category_primary_path": "0/17/1710",
    "canonical_path": "/p/ananas/p10081383",
    "canonical_url": "/p/ananas/p10081383",
    "awards": [],
    "seals": [
      {
        "altText": "Logotip Lidl Plus",
        "image": "https://imgproxy-retcat.assets.schwarz/DjNLhjIEpHeUFO-WYf3wploAS16YAf6tVgt5EMshyFs/sm:1/w:140/cz/M6Ly9wcm9kLWNhd/GFsb2ctbWVkaWEvc2kvMi9BMEU2QkJCNEZCQTZENzlEQ0MzRDRFOEM/2REREODBCRjMwQUNFQjJBMDBGREI4RjI1M0Y3MDYzOTFFMTg3RUVGLnBuZw.png"
      }
    ],
    "ribbons": [],
    "highlighted_seals": 0,
    "lidl_plus": [
      {
        "price": {
          "discount": {
            "deletedPrice": 1.69,
            "discountHasStar": false,
            "discountText": "- 29 %",
            "fromRecommendedPrice": false,
            "showDiscount": true,
            "showFrom": false,
            "showPercentage": true,
            "showUpTo": false
          },
          "displayedCurrency": "€",
          "hasStar": true,
          "hasVat": false,
          "oldPrice": 1.69,
          "packaging": {
            "text": "za kg"
          },
          "price": 1.19,
          "priceTheme": "red_yellow",
          "specialTaxes": []
        },
        "lidlPlusText": "z Lidl Plus",
        "highlightText": "- 29 %"
      }
    ],
    "regions": [],
    "ians": [
      "80611"
    ],
    "show_brand": false,
    "deal_of_day_active": false,
    "full_title_meta": "Ananas",
    "lists": [
      4991
    ],
    "preview": false,
    "category_breadcrumbs": [
      {
        "id": "10068374",
        "name": "Hrana in pijača",
        "url": "/c/hrana-in-pijaca/s10068374",
        "hidden": false
      },
      {
        "id": "10071012",
        "name": "Sadje in zelenjava",
        "url": "/h/sadje-in-zelenjava/h10071012",
        "hidden": false
      }
    ],
    "campaigns": [
      {
        "id": "Current_Sales_Week",
        "name": "Ta teden",
        "url": null,
        "hidden": false
      },
      {
        "id": "10024188",
        "name": "Lidl Plus",
        "url": "/c/lidl-plus/a10024188",
        "hidden": false
      }
    ],
    "world_of_needs_code": "1710",
    "world_of_needs_name": "Sadje in zelenjava",
    "world_of_needs_parent": "17",
    "is_main_category": true,
    "super_categories": [
      {
        "code": "17",
        "name": "Hrana in bližnja hrana",
        "parent": "0"
      },
      {
        "code": "0",
        "name": "Svetovi potreb",
        "parent": ""
      }
    ],
    "position": 142,
    "tracking_payload": {
      "searchTrackingMasterId": "Product.10081383",
      "searchTrackingTitle": "Ananas",
      "searchTrackingPageSize": 100,
      "searchTrackingPage": 2,
      "searchTrackingEvent": "click",
      "list": "search",
      "searchTrackingId": "Product.10081383",
      "searchTrackingOrigPos": 1,
      "searchTrackingPos": 142,
      "searchTrackingOrigPageSize": 100,
      "searchTrackingChannel": "SI",
      "category": "Food"
    }
  },
  {
    "code": "10082463",
    "name": "Sveže jakobove pokrovače",
    "url": "",
    "result_class": "product",
    "type": "product",
    "product_id": 10082463,
    "erp_number": "10082463",
    "item_id": 10082463,
    "full_title": "LIDLOVA RIBARNICA Sveže jakobove pokrovače",
    "title": "Sveže jakobove pokrovače",
    "category": "Food",
    "product_type": "RETAIL",
    "age_restriction": false,
    "is_used_product": false,
    "multipack": false,
    "online": false,
    "store": false,
    "quick_add_to_cart": false,
    "flash_sales": false,
    "having_videos": false,
    "having_threesixty": false,
    "price": 5.99,
    "old_price": 0.0,
    "currency_code": "EUR",
    "currency_symbol": "€",
    "has_star": true,
    "has_vat": false,
    "price_theme": "white_red",
    "variants_have_different_prices": false,
    "base_price_text": "1 kg = 19.97",
    "base_price_prefix": false,
    "packaging_text": "300 g",
    "discount_deleted_price": null,
    "discount_text": "ZGRABITE PRILOŽNOST!",
    "discount_percentage": null,
    "discount_has_star": false,
    "show_discount": false,
    "show_percentage": false,
    "from_recommended_price": false,
    "availability_indicator": 0,
    "online_available": false,
    "min_orderable_quantity": 1,
    "orderable_quantities": [],
    "badge_texts": [
      "V trgovini od 10.07. do 12.07."
    ],
    "badge_types": [
      "IN_STORE_FROM_FUTURE_DATE_RANGE"
    ],
    "main_image": "https://imgproxy-retcat.assets.schwarz/BhFbNC0KzeHVBZN61f_ht0GEbTSac2_MER4KSgenu7E/sm:1/w:427/h:320/cz/M6Ly9wcm9kLWNhd/GFsb2ctbWVkaWEvc2kvMS9CQjBCQTI4NzJEMjg1MjA2ODc0RDQ5MjE/wRDQyNjZFOUZDM0JDMzAxQzgxMThBOEY5MkM0Rjc1QUI2RkZDREYzLmpwZw.jpg",
    "image_list": [
      "https://imgproxy-retcat.assets.schwarz/BhFbNC0KzeHVBZN61f_ht0GEbTSac2_MER4KSgenu7E/sm:1/w:427/h:320/cz/M6Ly9wcm9kLWNhd/GFsb2ctbWVkaWEvc2kvMS9CQjBCQTI4NzJEMjg1MjA2ODc0RDQ5MjE/wRDQyNjZFOUZDM0JDMzAxQzgxMThBOEY5MkM0Rjc1QUI2RkZDREYzLmpwZw.jpg"
    ],
    "image_accessibility": "Štiri sveže školjke na črnem krožniku, okrašene z limono in zelišči.",
    "detailed_images": [
      {
        "url": "https://imgproxy-retcat.assets.schwarz/BhFbNC0KzeHVBZN61f_ht0GEbTSac2_MER4KSgenu7E/sm:1/w:427/h:320/cz/M6Ly9wcm9kLWNhd/GFsb2ctbWVkaWEvc2kvMS9CQjBCQTI4NzJEMjg1MjA2ODc0RDQ5MjE/wRDQyNjZFOUZDM0JDMzAxQzgxMThBOEY5MkM0Rjc1QUI2RkZDREYzLmpwZw.jpg",
        "accessibility": "Štiri sveže školjke na črnem krožniku, okrašene z limono in zelišči."
      }
    ],
    "analytics_category": "Food",
    "more_details": "Dodatne podrobnosti o izdelku",
    "won_category_primary": "Svetovi potreb/Hrana in bližnja hrana/Ribe in morski sadeži",
    "won_category_primary_path": "0/17/1733",
    "canonical_path": "/p/lidlova-ribarnica-sveze-jakobove-pokrovace/p10082463",
    "canonical_url": "/p/lidlova-ribarnica-sveze-jakobove-pokrovace/p10082463",
    "awards": [],
    "seals": [],
    "ribbons": [],
    "highlighted_seals": 0,
    "lidl_plus": [],
    "regions": [],
    "ians": [
      "6909115"
    ],
    "show_brand": true,
    "deal_of_day_active": false,
    "full_title_meta": "LIDLOVA RIBARNICA Sveže jakobove pokrovače",
    "lists": [
      4991
    ],
    "preview": false,
    "category_breadcrumbs": [
      {
        "id": "10068374",
        "name": "Hrana in pijača",
        "url": "/c/hrana-in-pijaca/s10068374",
        "hidden": false
      },
      {
        "id": "10071050",
        "name": "Ribe in morski sadeži",
        "url": "/h/ribe-in-morski-sadezi/h10071050",
        "hidden": false
      }
    ],
    "campaigns": [
      {
        "id": "Current_Sales_Week",
        "name": "Ta teden",
        "url": null,
        "hidden": false
      },
      {
        "id": "10075258",
        "name": "Tvoja Lidl cena",
        "url": "/c/tvoja-lidl-cena/a10075258",
        "hidden": false
      }
    ],
    "world_of_needs_code": "1733",
    "world_of_needs_name": "Ribe in morski sadeži",
    "world_of_needs_parent": "17",
    "is_main_category": true,
    "super_categories": [
      {
        "code": "17",
        "name": "Hrana in bližnja hrana",
        "parent": "0"
      },
      {
        "code": "0",
        "name": "Svetovi potreb",
        "parent": ""
      }
    ],
    "position": 143,
    "tracking_payload": {
      "searchTrackingMasterId": "Product.10082463",
      "searchTrackingTitle": "Sve%C5%BEe+jakobove+pokrova%C4%8De",
      "searchTrackingPageSize": 100,
      "searchTrackingPage": 2,
      "searchTrackingEvent": "click",
      "list": "search",
      "searchTrackingId": "Product.10082463",
      "searchTrackingOrigPos": 1,
      "searchTrackingPos": 143,
      "searchTrackingOrigPageSize": 100,
      "searchTrackingChannel": "SI",
      "category": "Food"
    }
  },
  {
    "code": "10082465",
    "name": "Kuhane kozice",
    "url": "",
    "result_class": "product",
    "type": "product",
    "product_id": 10082465,
    "erp_number": "10082465",
    "item_id": 10082465,
    "full_title": "NAŠA RIBARNICA Kuhane kozice",
    "title": "Kuhane kozice",
    "category": "Food",
    "product_type": "RETAIL",
    "age_restriction": false,
    "is_used_product": false,
    "multipack": false,
    "online": false,
    "store": false,
    "quick_add_to_cart": false,
    "flash_sales": false,
    "having_videos": false,
    "having_threesixty": false,
    "price": 2.69,
    "old_price": 0.0,
    "currency_code": "EUR",
    "currency_symbol": "€",
    "has_star": true,
    "has_vat": false,
    "price_theme": "white_red",
    "variants_have_different_prices": false,
    "base_price_text": "1 kg = 10.76",
    "base_price_prefix": false,
    "packaging_text": "250 g",
    "discount_deleted_price": null,
    "discount_text": "ZGRABITE PRILOŽNOST!",
    "discount_percentage": null,
    "discount_has_star": false,
    "show_discount": false,
    "show_percentage": false,
    "from_recommended_price": false,
    "availability_indicator": 0,
    "online_available": false,
    "min_orderable_quantity": 1,
    "orderable_quantities": [],
    "badge_texts": [
      "V trgovini od 10.07. do 12.07."
    ],
    "badge_types": [
      "IN_STORE_FROM_FUTURE_DATE_RANGE"
    ],
    "main_image": "https://imgproxy-retcat.assets.schwarz/OwyeZhvDsXmIFrASjTqj3j17ThllECFYHnvI6Ztmh2Y/sm:1/w:427/h:320/cz/M6Ly9wcm9kLWNhd/GFsb2ctbWVkaWEvc2kvMS85NTUwOTgyMjRGNjhGRkJENzE0MUU1ODc/1NUZDQThGMzI3N0Q3N0IxRTU1M0FGMTVBQjc1QjRDNDVFMUREMDUxLmpwZw.jpg",
    "image_list": [
      "https://imgproxy-retcat.assets.schwarz/OwyeZhvDsXmIFrASjTqj3j17ThllECFYHnvI6Ztmh2Y/sm:1/w:427/h:320/cz/M6Ly9wcm9kLWNhd/GFsb2ctbWVkaWEvc2kvMS85NTUwOTgyMjRGNjhGRkJENzE0MUU1ODc/1NUZDQThGMzI3N0Q3N0IxRTU1M0FGMTVBQjc1QjRDNDVFMUREMDUxLmpwZw.jpg"
    ],
    "image_accessibility": "Kozice na ledu, okrašene z limono in rožmarinom.",
    "detailed_images": [
      {
        "url": "https://imgproxy-retcat.assets.schwarz/OwyeZhvDsXmIFrASjTqj3j17ThllECFYHnvI6Ztmh2Y/sm:1/w:427/h:320/cz/M6Ly9wcm9kLWNhd/GFsb2ctbWVkaWEvc2kvMS85NTUwOTgyMjRGNjhGRkJENzE0MUU1ODc/1NUZDQThGMzI3N0Q3N0IxRTU1M0FGMTVBQjc1QjRDNDVFMUREMDUxLmpwZw.jpg",
        "accessibility": "Kozice na ledu, okrašene z limono in rožmarinom."
      }
    ],
    "analytics_category": "Food",
    "more_details": "Dodatne podrobnosti o izdelku",
    "won_category_primary": "Svetovi potreb/Hrana in bližnja hrana/Ribe in morski sadeži",
    "won_category_primary_path": "0/17/1733",
    "canonical_path": "/p/nasa-ribarnica-kuhane-kozice/p10082465",
    "canonical_url": "/p/nasa-ribarnica-kuhane-kozice/p10082465",
    "awards": [],
    "seals": [
      {
        "altText": "Nalepka: Hlajeno",
        "image": "https://imgproxy-retcat.assets.schwarz/7x3Iby7aD19hFySDnP2YoXt7E1r0JrvJVj0QO1gUOes/sm:1/w:140/cz/M6Ly9wcm9kLWNhd/GFsb2ctbWVkaWEvc2kvMi8xMzFBN0E2RDlCREZGREQxOEE2OTFDNEZ/FNDE5RTM0QUMxQjY4OEQ0OUY2QTAxMTRDRjQ1RjdCNTNDRjM2NUJBLnBuZw.png"
      }
    ],
    "ribbons": [],
    "highlighted_seals": 0,
    "lidl_plus": [],
    "regions": [],
    "ians": [
      "6907486"
    ],
    "show_brand": true,
    "deal_of_day_active": false,
    "full_title_meta": "NAŠA RIBARNICA Kuhane kozice",
    "lists": [
      4991
    ],
    "preview": false,
    "category_breadcrumbs": [
      {
        "id": "10068374",
        "name": "Hrana in pijača",
        "url": "/c/hrana-in-pijaca/s10068374",
        "hidden": false
      },
      {
        "id": "10071050",
        "name": "Ribe in morski sadeži",
        "url": "/h/ribe-in-morski-sadezi/h10071050",
        "hidden": false
      }
    ],
    "campaigns": [
      {
        "id": "Current_Sales_Week",
        "name": "Ta teden",
        "url": null,
        "hidden": false
      },
      {
        "id": "10075258",
        "name": "Tvoja Lidl cena",
        "url": "/c/tvoja-lidl-cena/a10075258",
        "hidden": false
      }
    ],
    "world_of_needs_code": "1733",
    "world_of_needs_name": "Ribe in morski sadeži",
    "world_of_needs_parent": "17",
    "is_main_category": true,
    "super_categories": [
      {
        "code": "17",
        "name": "Hrana in bližnja hrana",
        "parent": "0"
      },
      {
        "code": "0",
        "name": "Svetovi potreb",
        "parent": ""
      }
    ],
    "position": 144,
    "tracking_payload": {
      "searchTrackingMasterId": "Product.10082465",
      "searchTrackingTitle": "Kuhane+kozice",
      "searchTrackingPageSize": 100,
      "searchTrackingPage": 2,
      "searchTrackingEvent": "click",
      "list": "search",
      "searchTrackingId": "Product.10082465",
      "searchTrackingOrigPos": 1,
      "searchTrackingPos": 144,
      "searchTrackingOrigPageSize": 100,
      "searchTrackingChannel": "SI",
      "category": "Food"
    }
  },
  {
    "code": "10082467",
    "name": "Muffin na dubajski način",
    "url": "",
    "result_class": "product",
    "type": "product",
    "product_id": 10082467,
    "erp_number": "10082467",
    "item_id": 10082467,
    "full_title": "Muffin na dubajski način",
    "title": "Muffin na dubajski način",
    "category": "Food",
    "product_type": "RETAIL",
    "age_restriction": false,
    "is_used_product": false,
    "multipack": false,
    "online": false,
    "store": false,
    "quick_add_to_cart": false,
    "flash_sales": false,
    "having_videos": false,
    "having_threesixty": false,
    "price": 1.79,
    "old_price": 0.0,
    "currency_code": "EUR",
    "currency_symbol": "€",
    "has_star": true,
    "has_vat": false,
    "price_theme": "white_red",
    "variants_have_different_prices": false,
    "base_price_text": "1 kg = 13.77",
    "base_price_prefix": false,
    "packaging_text": "130 g",
    "discount_deleted_price": null,
    "discount_text": "ZGRABITE PRILOŽNOST!",
    "discount_percentage": null,
    "discount_has_star": false,
    "show_discount": false,
    "show_percentage": false,
    "from_recommended_price": false,
    "availability_indicator": 0,
    "online_available": false,
    "min_orderable_quantity": 1,
    "orderable_quantities": [],
    "badge_texts": [
      "V trgovini od 10.07. do 16.07."
    ],
    "badge_types": [
      "IN_STORE_FROM_FUTURE_DATE_RANGE"
    ],
    "main_image": "https://imgproxy-retcat.assets.schwarz/gWQg1xSr75Uyuo21UgtNx7xrIKVaZEtjxgsK8q7B9S4/sm:1/w:427/h:320/cz/M6Ly9wcm9kLWNhd/GFsb2ctbWVkaWEvc2kvMS8xQkQzRkNENEJENkEyMTk1RkQ2RDIzOEM/1NEE1Nzg3Mzg5MkJDMkE0NzJEMjI5NzY1MjlDRTBDMzM3NjZERjc3LmpwZw.jpg",
    "image_list": [
      "https://imgproxy-retcat.assets.schwarz/gWQg1xSr75Uyuo21UgtNx7xrIKVaZEtjxgsK8q7B9S4/sm:1/w:427/h:320/cz/M6Ly9wcm9kLWNhd/GFsb2ctbWVkaWEvc2kvMS8xQkQzRkNENEJENkEyMTk1RkQ2RDIzOEM/1NEE1Nzg3Mzg5MkJDMkE0NzJEMjI5NzY1MjlDRTBDMzM3NjZERjc3LmpwZw.jpg"
    ],
    "image_accessibility": "Štirje čokoladni muffini z rumenim prelivom na svetlo zelenem krožniku.",
    "detailed_images": [
      {
        "url": "https://imgproxy-retcat.assets.schwarz/gWQg1xSr75Uyuo21UgtNx7xrIKVaZEtjxgsK8q7B9S4/sm:1/w:427/h:320/cz/M6Ly9wcm9kLWNhd/GFsb2ctbWVkaWEvc2kvMS8xQkQzRkNENEJENkEyMTk1RkQ2RDIzOEM/1NEE1Nzg3Mzg5MkJDMkE0NzJEMjI5NzY1MjlDRTBDMzM3NjZERjc3LmpwZw.jpg",
        "accessibility": "Štirje čokoladni muffini z rumenim prelivom na svetlo zelenem krožniku."
      }
    ],
    "analytics_category": "Food",
    "more_details": "Dodatne podrobnosti o izdelku",
    "won_category_primary": "Svetovi potreb/Hrana in bližnja hrana/Kruh in pekovsko pecivo",
    "won_category_primary_path": "0/17/1713",
    "canonical_path": "/p/muffin-na-dubajski-nacin/p10082467",
    "canonical_url": "/p/muffin-na-dubajski-nacin/p10082467",
    "awards": [],
    "seals": [
      {
        "altText": "Ekskluzivno v Lidlu",
        "image": "https://imgproxy-retcat.assets.schwarz/pN5IXNRZVRw5fMknc3FoQeBk6ehBR1p-U8d-0dzVvPE/sm:1/w:140/cz/M6Ly9wcm9kLWNhd/GFsb2ctbWVkaWEvc2kvMi9GRENDNzQwNzYyRUVBRkQ4RTBBOEFGQTQ/zREE2QTA0NUQ5QzA3OEM1OTgyNkQwRUI3NTZFNjc0MzQ4NzQ0OUU1LnBuZw.png"
      }
    ],
    "ribbons": [],
    "highlighted_seals": 0,
    "lidl_plus": [],
    "regions": [],
    "ians": [
      "5914233"
    ],
    "show_brand": false,
    "deal_of_day_active": false,
    "full_title_meta": "Muffin na dubajski način",
    "lists": [
      4991
    ],
    "preview": false,
    "category_breadcrumbs": [
      {
        "id": "10068374",
        "name": "Hrana in pijača",
        "url": "/c/hrana-in-pijaca/s10068374",
        "hidden": false
      },
      {
        "id": "10071015",
        "name": "Kruh in pekovski izdelki",
        "url": "/h/kruh-in-pekovski-izdelki/h10071015",
        "hidden": false
      }
    ],
    "campaigns": [
      {
        "id": "Current_Sales_Week",
        "name": "Ta teden",
        "url": null,
        "hidden": false
      },
      {
        "id": "10075258",
        "name": "Tvoja Lidl cena",
        "url": "/c/tvoja-lidl-cena/a10075258",
        "hidden": false
      }
    ],
    "world_of_needs_code": "1713",
    "world_of_needs_name": "Kruh in pekovsko pecivo",
    "world_of_needs_parent": "17",
    "is_main_category": true,
    "super_categories": [
      {
        "code": "17",
        "name": "Hrana in bližnja hrana",
        "parent": "0"
      },
      {
        "code": "0",
        "name": "Svetovi potreb",
        "parent": ""
      }
    ],
    "position": 145,
    "tracking_payload": {
      "searchTrackingMasterId": "Product.10082467",
      "searchTrackingTitle": "Muffin+na+dubajski+na%C4%8Din",
      "searchTrackingPageSize": 100,
      "searchTrackingPage": 2,
      "searchTrackingEvent": "click",
      "list": "search",
      "searchTrackingId": "Product.10082467",
      "searchTrackingOrigPos": 1,
      "searchTrackingPos": 145,
      "searchTrackingOrigPageSize": 100,
      "searchTrackingChannel": "SI",
      "category": "Food"
    }
  },
  {
    "code": "10082469",
    "name": "Mini tortica na dubajski način",
    "url": "",
    "result_class": "product",
    "type": "product",
    "product_id": 10082469,
    "erp_number": "10082469",
    "item_id": 10082469,
    "full_title": "Mini tortica na dubajski način",
    "title": "Mini tortica na dubajski način",
    "category": "Food",
    "product_type": "RETAIL",
    "age_restriction": false,
    "is_used_product": false,
    "multipack": false,
    "online": false,
    "store": false,
    "quick_add_to_cart": false,
    "flash_sales": false,
    "having_videos": false,
    "having_threesixty": false,
    "price": 0.99,
    "old_price": 0.0,
    "currency_code": "EUR",
    "currency_symbol": "€",
    "has_star": true,
    "has_vat": false,
    "price_theme": "white_red",
    "variants_have_different_prices": false,
    "base_price_text": "1 kg = 16.50",
    "base_price_prefix": false,
    "packaging_text": "60 g",
    "discount_deleted_price": null,
    "discount_text": "ZGRABITE PRILOŽNOST!",
    "discount_percentage": null,
    "discount_has_star": false,
    "show_discount": false,
    "show_percentage": false,
    "from_recommended_price": false,
    "availability_indicator": 0,
    "online_available": false,
    "min_orderable_quantity": 1,
    "orderable_quantities": [],
    "badge_texts": [
      "V trgovini od 10.07. do 16.07."
    ],
    "badge_types": [
      "IN_STORE_FROM_FUTURE_DATE_RANGE"
    ],
    "main_image": "https://imgproxy-retcat.assets.schwarz/pBICr9FosB3ZNbASDtUEJeGb44-YjVCE6nlZkIWQ6dY/sm:1/w:427/h:320/cz/M6Ly9wcm9kLWNhd/GFsb2ctbWVkaWEvc2kvMS9DMjZEQzkyOEUwQTNDNUZCRDczRDc0ODY/1REMxODg3Mjg3MkVEQzZFNDI3N0NGQjQ5QTNCQjIxNDhFQzdFOEIyLmpwZw.jpg",
    "image_list": [
      "https://imgproxy-retcat.assets.schwarz/pBICr9FosB3ZNbASDtUEJeGb44-YjVCE6nlZkIWQ6dY/sm:1/w:427/h:320/cz/M6Ly9wcm9kLWNhd/GFsb2ctbWVkaWEvc2kvMS9DMjZEQzkyOEUwQTNDNUZCRDczRDc0ODY/1REMxODg3Mjg3MkVEQzZFNDI3N0NGQjQ5QTNCQjIxNDhFQzdFOEIyLmpwZw.jpg"
    ],
    "image_accessibility": "Pet čokoladnih bonbonov s svetlo rumeno kremo na svetlo modrem krožniku.",
    "detailed_images": [
      {
        "url": "https://imgproxy-retcat.assets.schwarz/pBICr9FosB3ZNbASDtUEJeGb44-YjVCE6nlZkIWQ6dY/sm:1/w:427/h:320/cz/M6Ly9wcm9kLWNhd/GFsb2ctbWVkaWEvc2kvMS9DMjZEQzkyOEUwQTNDNUZCRDczRDc0ODY/1REMxODg3Mjg3MkVEQzZFNDI3N0NGQjQ5QTNCQjIxNDhFQzdFOEIyLmpwZw.jpg",
        "accessibility": "Pet čokoladnih bonbonov s svetlo rumeno kremo na svetlo modrem krožniku."
      }
    ],
    "analytics_category": "Food",
    "more_details": "Dodatne podrobnosti o izdelku",
    "won_category_primary": "Svetovi potreb/Hrana in bližnja hrana/Kruh in pekovsko pecivo",
    "won_category_primary_path": "0/17/1713",
    "canonical_path": "/p/mini-tortica-na-dubajski-nacin/p10082469",
    "canonical_url": "/p/mini-tortica-na-dubajski-nacin/p10082469",
    "awards": [],
    "seals": [
      {
        "altText": "Ekskluzivno v Lidlu",
        "image": "https://imgproxy-retcat.assets.schwarz/pN5IXNRZVRw5fMknc3FoQeBk6ehBR1p-U8d-0dzVvPE/sm:1/w:140/cz/M6Ly9wcm9kLWNhd/GFsb2ctbWVkaWEvc2kvMi9GRENDNzQwNzYyRUVBRkQ4RTBBOEFGQTQ/zREE2QTA0NUQ5QzA3OEM1OTgyNkQwRUI3NTZFNjc0MzQ4NzQ0OUU1LnBuZw.png"
      }
    ],
    "ribbons": [],
    "highlighted_seals": 0,
    "lidl_plus": [],
    "regions": [],
    "ians": [
      "5914238"
    ],
    "show_brand": false,
    "deal_of_day_active": false,
    "full_title_meta": "Mini tortica na dubajski način",
    "lists": [
      4991
    ],
    "preview": false,
    "category_breadcrumbs": [
      {
        "id": "10068374",
        "name": "Hrana in pijača",
        "url": "/c/hrana-in-pijaca/s10068374",
        "hidden": false
      },
      {
        "id": "10071015",
        "name": "Kruh in pekovski izdelki",
        "url": "/h/kruh-in-pekovski-izdelki/h10071015",
        "hidden": false
      }
    ],
    "campaigns": [
      {
        "id": "Current_Sales_Week",
        "name": "Ta teden",
        "url": null,
        "hidden": false
      },
      {
        "id": "10075258",
        "name": "Tvoja Lidl cena",
        "url": "/c/tvoja-lidl-cena/a10075258",
        "hidden": false
      }
    ],
    "world_of_needs_code": "1713",
    "world_of_needs_name": "Kruh in pekovsko pecivo",
    "world_of_needs_parent": "17",
    "is_main_category": true,
    "super_categories": [
      {
        "code": "17",
        "name": "Hrana in bližnja hrana",
        "parent": "0"
      },
      {
        "code": "0",
        "name": "Svetovi potreb",
        "parent": ""
      }
    ],
    "position": 146,
    "tracking_payload": {
      "searchTrackingMasterId": "Product.10082469",
      "searchTrackingTitle": "Mini+tortica+na+dubajski+na%C4%8Din",
      "searchTrackingPageSize": 100,
      "searchTrackingPage": 2,
      "searchTrackingEvent": "click",
      "list": "search",
      "searchTrackingId": "Product.10082469",
      "searchTrackingOrigPos": 1,
      "searchTrackingPos": 146,
      "searchTrackingOrigPageSize": 100,
      "searchTrackingChannel": "SI",
      "category": "Food"
    }
  },
  {
    "code": "10082471",
    "name": "Mini donut s cimetom",
    "url": "",
    "result_class": "product",
    "type": "product",
    "product_id": 10082471,
    "erp_number": "10082471",
    "item_id": 10082471,
    "full_title": "Mini donut s cimetom",
    "title": "Mini donut s cimetom",
    "category": "Food",
    "product_type": "RETAIL",
    "age_restriction": false,
    "is_used_product": false,
    "multipack": false,
    "online": false,
    "store": false,
    "quick_add_to_cart": false,
    "flash_sales": false,
    "having_videos": false,
    "having_threesixty": false,
    "price": 1.99,
    "old_price": 0.0,
    "currency_code": "EUR",
    "currency_symbol": "€",
    "has_star": true,
    "has_vat": false,
    "price_theme": "white_red",
    "variants_have_different_prices": false,
    "base_price_text": "1 kg = 12.28",
    "base_price_prefix": false,
    "packaging_text": "162 g",
    "discount_deleted_price": null,
    "discount_text": "9 KOSOV",
    "discount_percentage": null,
    "discount_has_star": false,
    "show_discount": false,
    "show_percentage": false,
    "from_recommended_price": false,
    "availability_indicator": 0,
    "online_available": false,
    "min_orderable_quantity": 1,
    "orderable_quantities": [],
    "badge_texts": [
      "V trgovini od 10.07. do 16.07."
    ],
    "badge_types": [
      "IN_STORE_FROM_FUTURE_DATE_RANGE"
    ],
    "main_image": "https://imgproxy-retcat.assets.schwarz/HBZw7WsgbmhtBnGUkI4L7syZuhJS4dULWvJFbvgJ-BY/sm:1/w:427/h:320/cz/M6Ly9wcm9kLWNhd/GFsb2ctbWVkaWEvc2kvMS9BRkIxNDAxODExNUEwODE0Q0IxMjM5ODQ/4RDVGRjJCQjdDMjlFQkY0RkExRkJCNTM2QUFEQjM4Q0JDNTY1MERELmpwZw.jpg",
    "image_list": [
      "https://imgproxy-retcat.assets.schwarz/HBZw7WsgbmhtBnGUkI4L7syZuhJS4dULWvJFbvgJ-BY/sm:1/w:427/h:320/cz/M6Ly9wcm9kLWNhd/GFsb2ctbWVkaWEvc2kvMS9BRkIxNDAxODExNUEwODE0Q0IxMjM5ODQ/4RDVGRjJCQjdDMjlFQkY0RkExRkJCNTM2QUFEQjM4Q0JDNTY1MERELmpwZw.jpg",
      "https://imgproxy-retcat.assets.schwarz/VgOmg67Io4RU6rM2MAoHFBcykNSNvMZn0GJeEfdUAkU/sm:1/w:427/h:320/cz/M6Ly9wcm9kLWNhd/GFsb2ctbWVkaWEvc2kvMS9FRjk3MDQxOTU4RkRBNjc0QTRFQ0M3QTV/COTU5MEFBQTZFOTEzQzE5MUNEMzZCODg2NjBGQjkxMzFBRDY2OEZELmpwZw.jpg",
      "https://imgproxy-retcat.assets.schwarz/dAN566mKIRLj2_OL7tQ6yPtWkKSMNbI6vSHXugIQU5w/sm:1/w:427/h:320/cz/M6Ly9wcm9kLWNhd/GFsb2ctbWVkaWEvc2kvMS8zMEY4NUZEOUI2NUIwM0IxOUY5QTk5NDU/1RTlEMTQxQ0YzRkMxNTdCQkNFQzk2NjUyRjVDRTUxNEU2NEJBRENELmpwZw.jpg"
    ],
    "image_accessibility": "Paket sladkanih krofov v košarici in v plastični embalaži.",
    "detailed_images": [
      {
        "url": "https://imgproxy-retcat.assets.schwarz/HBZw7WsgbmhtBnGUkI4L7syZuhJS4dULWvJFbvgJ-BY/sm:1/w:427/h:320/cz/M6Ly9wcm9kLWNhd/GFsb2ctbWVkaWEvc2kvMS9BRkIxNDAxODExNUEwODE0Q0IxMjM5ODQ/4RDVGRjJCQjdDMjlFQkY0RkExRkJCNTM2QUFEQjM4Q0JDNTY1MERELmpwZw.jpg",
        "accessibility": "Paket sladkanih krofov v košarici in v plastični embalaži."
      },
      {
        "url": "https://imgproxy-retcat.assets.schwarz/VgOmg67Io4RU6rM2MAoHFBcykNSNvMZn0GJeEfdUAkU/sm:1/w:427/h:320/cz/M6Ly9wcm9kLWNhd/GFsb2ctbWVkaWEvc2kvMS9FRjk3MDQxOTU4RkRBNjc0QTRFQ0M3QTV/COTU5MEFBQTZFOTEzQzE5MUNEMzZCODg2NjBGQjkxMzFBRDY2OEZELmpwZw.jpg",
        "accessibility": "Paket 9 mini krofov."
      },
      {
        "url": "https://imgproxy-retcat.assets.schwarz/dAN566mKIRLj2_OL7tQ6yPtWkKSMNbI6vSHXugIQU5w/sm:1/w:427/h:320/cz/M6Ly9wcm9kLWNhd/GFsb2ctbWVkaWEvc2kvMS8zMEY4NUZEOUI2NUIwM0IxOUY5QTk5NDU/1RTlEMTQxQ0YzRkMxNTdCQkNFQzk2NjUyRjVDRTUxNEU2NEJBRENELmpwZw.jpg",
        "accessibility": "Košarica s sladkimi donutsi, posutimi s sladkorjem v prahu."
      }
    ],
    "analytics_category": "Food",
    "more_details": "Dodatne podrobnosti o izdelku",
    "won_category_primary": "Svetovi potreb/Hrana in bližnja hrana/Prigrizki in slaščice",
    "won_category_primary_path": "0/17/1721",
    "canonical_path": "/p/mini-donut-s-cimetom/p10082471",
    "canonical_url": "/p/mini-donut-s-cimetom/p10082471",
    "awards": [],
    "seals": [],
    "ribbons": [],
    "highlighted_seals": 0,
    "lidl_plus": [],
    "regions": [],
    "ians": [
      "153770"
    ],
    "show_brand": false,
    "deal_of_day_active": false,
    "full_title_meta": "Mini donut s cimetom",
    "lists": [
      4991
    ],
    "preview": false,
    "category_breadcrumbs": [
      {
        "id": "10068374",
        "name": "Hrana in pijača",
        "url": "/c/hrana-in-pijaca/s10068374",
        "hidden": false
      },
      {
        "id": "10071044",
        "name": "Prigrizki in sladkarije",
        "url": "/h/prigrizki-in-sladkarije/h10071044",
        "hidden": false
      }
    ],
    "campaigns": [
      {
        "id": "Current_Sales_Week",
        "name": "Ta teden",
        "url": null,
        "hidden": false
      },
      {
        "id": "10075258",
        "name": "Tvoja Lidl cena",
        "url": "/c/tvoja-lidl-cena/a10075258",
        "hidden": false
      }
    ],
    "world_of_needs_code": "1721",
    "world_of_needs_name": "Prigrizki in slaščice",
    "world_of_needs_parent": "17",
    "is_main_category": true,
    "super_categories": [
      {
        "code": "17",
        "name": "Hrana in bližnja hrana",
        "parent": "0"
      },
      {
        "code": "0",
        "name": "Svetovi potreb",
        "parent": ""
      }
    ],
    "position": 147,
    "tracking_payload": {
      "searchTrackingMasterId": "Product.10082471",
      "searchTrackingTitle": "Mini+donut+s+cimetom",
      "searchTrackingPageSize": 100,
      "searchTrackingPage": 2,
      "searchTrackingEvent": "click",
      "list": "search",
      "searchTrackingId": "Product.10082471",
      "searchTrackingOrigPos": 1,
      "searchTrackingPos": 147,
      "searchTrackingOrigPageSize": 100,
      "searchTrackingChannel": "SI",
      "category": "Food"
    }
  },
  {
    "code": "10082475",
    "name": "Svež svinjski kare brez kosti",
    "url": "",
    "result_class": "product",
    "type": "product",
    "product_id": 10082475,
    "erp_number": "10082475",
    "item_id": 10082475,
    "full_title": "SVEŽE MESO Svež svinjski kare brez kosti",
    "title": "Svež svinjski kare brez kosti",
    "category": "Food",
    "product_type": "RETAIL",
    "age_restriction": false,
    "is_used_product": false,
    "multipack": false,
    "online": false,
    "store": false,
    "quick_add_to_cart": false,
    "flash_sales": false,
    "having_videos": false,
    "having_threesixty": false,
    "price": 4.99,
    "old_price": 0.0,
    "currency_code": "EUR",
    "currency_symbol": "€",
    "has_star": true,
    "has_vat": false,
    "price_theme": "white_red",
    "variants_have_different_prices": false,
    "base_price_text": "pribl. 1600 g",
    "base_price_prefix": false,
    "packaging_text": "za kg",
    "discount_deleted_price": null,
    "discount_text": "ZGRABITE PRILOŽNOST!",
    "discount_percentage": null,
    "discount_has_star": false,
    "show_discount": false,
    "show_percentage": false,
    "from_recommended_price": false,
    "availability_indicator": 0,
    "online_available": false,
    "min_orderable_quantity": 1,
    "orderable_quantities": [],
    "badge_texts": [
      "V trgovini od 10.07. do 16.07."
    ],
    "badge_types": [
      "IN_STORE_FROM_FUTURE_DATE_RANGE"
    ],
    "main_image": "https://imgproxy-retcat.assets.schwarz/rqKkaDteeT2f9fsdDGyJSYPFewLy5wgGI6PInjO9J6A/sm:1/w:427/h:320/cz/M6Ly9wcm9kLWNhd/GFsb2ctbWVkaWEvc2kvMS84MjJCN0IyMjk5QzdBMkM2MkI0RDcwNjE/xNjE3QjQ3NkRFMEEwQjFFRUFDODk2QTJFM0YxREE0NTlBNTc1Q0U1LmpwZw.jpg",
    "image_list": [
      "https://imgproxy-retcat.assets.schwarz/rqKkaDteeT2f9fsdDGyJSYPFewLy5wgGI6PInjO9J6A/sm:1/w:427/h:320/cz/M6Ly9wcm9kLWNhd/GFsb2ctbWVkaWEvc2kvMS84MjJCN0IyMjk5QzdBMkM2MkI0RDcwNjE/xNjE3QjQ3NkRFMEEwQjFFRUFDODk2QTJFM0YxREE0NTlBNTc1Q0U1LmpwZw.jpg"
    ],
    "image_accessibility": "Svinjski zrezek in rezina za pečenje.",
    "detailed_images": [
      {
        "url": "https://imgproxy-retcat.assets.schwarz/rqKkaDteeT2f9fsdDGyJSYPFewLy5wgGI6PInjO9J6A/sm:1/w:427/h:320/cz/M6Ly9wcm9kLWNhd/GFsb2ctbWVkaWEvc2kvMS84MjJCN0IyMjk5QzdBMkM2MkI0RDcwNjE/xNjE3QjQ3NkRFMEEwQjFFRUFDODk2QTJFM0YxREE0NTlBNTc1Q0U1LmpwZw.jpg",
        "accessibility": "Svinjski zrezek in rezina za pečenje."
      }
    ],
    "analytics_category": "Food",
    "more_details": "Dodatne podrobnosti o izdelku",
    "won_category_primary": "Svetovi potreb/Hrana in bližnja hrana/Klobase in meso",
    "won_category_primary_path": "0/17/1717",
    "canonical_path": "/p/sveze-meso-svez-svinjski-kare-brez-kosti/p10082475",
    "canonical_url": "/p/sveze-meso-svez-svinjski-kare-brez-kosti/p10082475",
    "awards": [],
    "seals": [],
    "ribbons": [],
    "highlighted_seals": 0,
    "lidl_plus": [],
    "regions": [],
    "ians": [
      "132526"
    ],
    "show_brand": true,
    "deal_of_day_active": false,
    "full_title_meta": "SVEŽE MESO Svež svinjski kare brez kosti",
    "lists": [
      4991
    ],
    "preview": false,
    "category_breadcrumbs": [
      {
        "id": "10068374",
        "name": "Hrana in pijača",
        "url": "/c/hrana-in-pijaca/s10068374",
        "hidden": false
      },
      {
        "id": "10071016",
        "name": "Meso in mesni izdelki",
        "url": "/h/meso-in-mesni-izdelki/h10071016",
        "hidden": false
      }
    ],
    "campaigns": [
      {
        "id": "Current_Sales_Week",
        "name": "Ta teden",
        "url": null,
        "hidden": false
      },
      {
        "id": "10075258",
        "name": "Tvoja Lidl cena",
        "url": "/c/tvoja-lidl-cena/a10075258",
        "hidden": false
      }
    ],
    "world_of_needs_code": "1717",
    "world_of_needs_name": "Klobase in meso",
    "world_of_needs_parent": "17",
    "is_main_category": true,
    "super_categories": [
      {
        "code": "17",
        "name": "Hrana in bližnja hrana",
        "parent": "0"
      },
      {
        "code": "0",
        "name": "Svetovi potreb",
        "parent": ""
      }
    ],
    "position": 148,
    "tracking_payload": {
      "searchTrackingMasterId": "Product.10082475",
      "searchTrackingTitle": "Sve%C5%BE+svinjski+kare+brez+kosti",
      "searchTrackingPageSize": 100,
      "searchTrackingPage": 2,
      "searchTrackingEvent": "click",
      "list": "search",
      "searchTrackingId": "Product.10082475",
      "searchTrackingOrigPos": 1,
      "searchTrackingPos": 148,
      "searchTrackingOrigPageSize": 100,
      "searchTrackingChannel": "SI",
      "category": "Food"
    }
  },
  {
    "code": "10082477",
    "name": "Sveža telečja rebra",
    "url": "",
    "result_class": "product",
    "type": "product",
    "product_id": 10082477,
    "erp_number": "10082477",
    "item_id": 10082477,
    "full_title": "FINGUŠT Sveža telečja rebra",
    "title": "Sveža telečja rebra",
    "category": "Food",
    "product_type": "RETAIL",
    "age_restriction": false,
    "is_used_product": false,
    "multipack": false,
    "online": false,
    "store": false,
    "quick_add_to_cart": false,
    "flash_sales": false,
    "having_videos": false,
    "having_threesixty": false,
    "price": 8.99,
    "old_price": 0.0,
    "currency_code": "EUR",
    "currency_symbol": "€",
    "has_star": true,
    "has_vat": false,
    "price_theme": "white_red",
    "variants_have_different_prices": false,
    "base_price_text": "pribl. 800-900 g",
    "base_price_prefix": false,
    "packaging_text": "za kg",
    "discount_deleted_price": null,
    "discount_text": "ZGRABITE PRILOŽNOST!",
    "discount_percentage": null,
    "discount_has_star": false,
    "show_discount": false,
    "show_percentage": false,
    "from_recommended_price": false,
    "availability_indicator": 0,
    "online_available": false,
    "min_orderable_quantity": 1,
    "orderable_quantities": [],
    "badge_texts": [
      "V trgovini od 10.07. do 16.07."
    ],
    "badge_types": [
      "IN_STORE_FROM_FUTURE_DATE_RANGE"
    ],
    "main_image": "https://imgproxy-retcat.assets.schwarz/V1RryEE6KeCnPt8-lgB5jylD_QzqJd009R71VTeyxE0/sm:1/w:427/h:320/cz/M6Ly9wcm9kLWNhd/GFsb2ctbWVkaWEvc2kvMS9ENDE3RUFGNkIwOUE3REREMTFCQzJEMzB/BNTgwNDRFQkEwOTk1REQ3OENDMTAxMTg5MEY5NzQxMTMyMTZGODFGLmpwZw.jpg",
    "image_list": [
      "https://imgproxy-retcat.assets.schwarz/V1RryEE6KeCnPt8-lgB5jylD_QzqJd009R71VTeyxE0/sm:1/w:427/h:320/cz/M6Ly9wcm9kLWNhd/GFsb2ctbWVkaWEvc2kvMS9ENDE3RUFGNkIwOUE3REREMTFCQzJEMzB/BNTgwNDRFQkEwOTk1REQ3OENDMTAxMTg5MEY5NzQxMTMyMTZGODFGLmpwZw.jpg"
    ],
    "image_accessibility": "Svinjska rebra na temnem kamnitem podstavku.",
    "detailed_images": [
      {
        "url": "https://imgproxy-retcat.assets.schwarz/V1RryEE6KeCnPt8-lgB5jylD_QzqJd009R71VTeyxE0/sm:1/w:427/h:320/cz/M6Ly9wcm9kLWNhd/GFsb2ctbWVkaWEvc2kvMS9ENDE3RUFGNkIwOUE3REREMTFCQzJEMzB/BNTgwNDRFQkEwOTk1REQ3OENDMTAxMTg5MEY5NzQxMTMyMTZGODFGLmpwZw.jpg",
        "accessibility": "Svinjska rebra na temnem kamnitem podstavku."
      }
    ],
    "analytics_category": "Food",
    "more_details": "Dodatne podrobnosti o izdelku",
    "won_category_primary": "Svetovi potreb/Hrana in bližnja hrana/Klobase in meso",
    "won_category_primary_path": "0/17/1717",
    "canonical_path": "/p/fingust-sveza-telecja-rebra/p10082477",
    "canonical_url": "/p/fingust-sveza-telecja-rebra/p10082477",
    "awards": [],
    "seals": [
      {
        "altText": "Slovenski izdelek",
        "image": "https://imgproxy-retcat.assets.schwarz/065GlWscfuyzRNlqdEjgEaZNE6893872XSglFaanlJA/sm:1/w:140/cz/M6Ly9wcm9kLWNhd/GFsb2ctbWVkaWEvc2kvMi83RTk4NkYyRDk1MTlDRUJBNzA1N0JGMzA/1QjA1NjUyRjVCMjMzNzZGRjY4MzVEREFGQzIwQzE5NDVFQUE5M0RCLnBuZw.png"
      }
    ],
    "ribbons": [],
    "highlighted_seals": 0,
    "lidl_plus": [],
    "regions": [],
    "ians": [
      "4194"
    ],
    "show_brand": true,
    "deal_of_day_active": false,
    "full_title_meta": "FINGUŠT Sveža telečja rebra",
    "lists": [
      4991
    ],
    "preview": false,
    "category_breadcrumbs": [
      {
        "id": "10068374",
        "name": "Hrana in pijača",
        "url": "/c/hrana-in-pijaca/s10068374",
        "hidden": false
      },
      {
        "id": "10071016",
        "name": "Meso in mesni izdelki",
        "url": "/h/meso-in-mesni-izdelki/h10071016",
        "hidden": false
      }
    ],
    "campaigns": [
      {
        "id": "Current_Sales_Week",
        "name": "Ta teden",
        "url": null,
        "hidden": false
      },
      {
        "id": "10075258",
        "name": "Tvoja Lidl cena",
        "url": "/c/tvoja-lidl-cena/a10075258",
        "hidden": false
      }
    ],
    "world_of_needs_code": "1717",
    "world_of_needs_name": "Klobase in meso",
    "world_of_needs_parent": "17",
    "is_main_category": true,
    "super_categories": [
      {
        "code": "17",
        "name": "Hrana in bližnja hrana",
        "parent": "0"
      },
      {
        "code": "0",
        "name": "Svetovi potreb",
        "parent": ""
      }
    ],
    "position": 149,
    "tracking_payload": {
      "searchTrackingMasterId": "Product.10082477",
      "searchTrackingTitle": "Sve%C5%BEa+tele%C4%8Dja+rebra",
      "searchTrackingPageSize": 100,
      "searchTrackingPage": 2,
      "searchTrackingEvent": "click",
      "list": "search",
      "searchTrackingId": "Product.10082477",
      "searchTrackingOrigPos": 1,
      "searchTrackingPos": 149,
      "searchTrackingOrigPageSize": 100,
      "searchTrackingChannel": "SI",
      "category": "Food"
    }
  },
  {
    "code": "10082479",
    "name": "Sveža piščančja stegna/krače",
    "url": "",
    "result_class": "product",
    "type": "product",
    "product_id": 10082479,
    "erp_number": "10082479",
    "item_id": 10082479,
    "full_title": "AVE Sveža piščančja stegna/krače",
    "title": "Sveža piščančja stegna/krače",
    "category": "Food",
    "product_type": "RETAIL",
    "age_restriction": false,
    "is_used_product": false,
    "multipack": false,
    "online": false,
    "store": false,
    "quick_add_to_cart": false,
    "flash_sales": false,
    "having_videos": false,
    "having_threesixty": false,
    "price": 2.79,
    "old_price": 0.0,
    "currency_code": "EUR",
    "currency_symbol": "€",
    "has_star": true,
    "has_vat": false,
    "price_theme": "white_red",
    "variants_have_different_prices": false,
    "base_price_text": "1 kg = 3.49",
    "base_price_prefix": false,
    "packaging_text": "800 g",
    "discount_deleted_price": null,
    "discount_text": "ZGRABITE PRILOŽNOST!",
    "discount_percentage": null,
    "discount_has_star": false,
    "show_discount": false,
    "show_percentage": false,
    "from_recommended_price": false,
    "availability_indicator": 0,
    "online_available": false,
    "min_orderable_quantity": 1,
    "orderable_quantities": [],
    "badge_texts": [
      "V trgovini od 10.07. do 16.07."
    ],
    "badge_types": [
      "IN_STORE_FROM_FUTURE_DATE_RANGE"
    ],
    "main_image": "https://imgproxy-retcat.assets.schwarz/gD8FAkH3DlHD4_yQOhTRUiG5dQNEXX8Nk502F0_2SRU/sm:1/w:427/h:320/cz/M6Ly9wcm9kLWNhd/GFsb2ctbWVkaWEvc2kvMS9BQTM1MDhCNTdFNEVBMjRDNzQxMzVCRTJ/EQUE1QTA1RTE3QTVENTNFQzlFNjZCQTM3NzgwQzI0QjNGNjFBMURBLmpwZw.jpg",
    "image_list": [
      "https://imgproxy-retcat.assets.schwarz/gD8FAkH3DlHD4_yQOhTRUiG5dQNEXX8Nk502F0_2SRU/sm:1/w:427/h:320/cz/M6Ly9wcm9kLWNhd/GFsb2ctbWVkaWEvc2kvMS9BQTM1MDhCNTdFNEVBMjRDNzQxMzVCRTJ/EQUE1QTA1RTE3QTVENTNFQzlFNjZCQTM3NzgwQzI0QjNGNjFBMURBLmpwZw.jpg",
      "https://imgproxy-retcat.assets.schwarz/IuNWfD60d0PQsalz5VA1hq9umynf1yeNPV_AyiGpMBc/sm:1/w:427/h:320/cz/M6Ly9wcm9kLWNhd/GFsb2ctbWVkaWEvc2kvMS85MDZDQjQ1RUI0MjRFQjk1OTc4MTk0MDk/wMkQ0MEU3RTJDQzEwNTg0RkYxQ0Q1RkUwRjQ2QkNBRUZGQkI1N0VGLmpwZw.jpg",
      "https://imgproxy-retcat.assets.schwarz/aXimShLE-mpt2diOKSFui-Zt_vVpn1GaQs1yb0KeyTI/sm:1/w:427/h:320/cz/M6Ly9wcm9kLWNhd/GFsb2ctbWVkaWEvc2kvMS8xQkUxQ0UyQUU3MzgyRjRCOUZENzI0NDV/FNEQ0NDVGREM1MDA1RUU2MkYxRDlDRkZFODMyQjkzOTNDRDNBRTU1LmpwZw.jpg"
    ],
    "image_accessibility": "Dva paketa surovih piščančjih filejev.",
    "detailed_images": [
      {
        "url": "https://imgproxy-retcat.assets.schwarz/gD8FAkH3DlHD4_yQOhTRUiG5dQNEXX8Nk502F0_2SRU/sm:1/w:427/h:320/cz/M6Ly9wcm9kLWNhd/GFsb2ctbWVkaWEvc2kvMS9BQTM1MDhCNTdFNEVBMjRDNzQxMzVCRTJ/EQUE1QTA1RTE3QTVENTNFQzlFNjZCQTM3NzgwQzI0QjNGNjFBMURBLmpwZw.jpg",
        "accessibility": "Dva paketa surovih piščančjih filejev."
      },
      {
        "url": "https://imgproxy-retcat.assets.schwarz/IuNWfD60d0PQsalz5VA1hq9umynf1yeNPV_AyiGpMBc/sm:1/w:427/h:320/cz/M6Ly9wcm9kLWNhd/GFsb2ctbWVkaWEvc2kvMS85MDZDQjQ1RUI0MjRFQjk1OTc4MTk0MDk/wMkQ0MEU3RTJDQzEwNTg0RkYxQ0Q1RkUwRjQ2QkNBRUZGQkI1N0VGLmpwZw.jpg",
        "accessibility": "Pakiranje svežih piščančjih filejev v črni plastični posodi."
      },
      {
        "url": "https://imgproxy-retcat.assets.schwarz/aXimShLE-mpt2diOKSFui-Zt_vVpn1GaQs1yb0KeyTI/sm:1/w:427/h:320/cz/M6Ly9wcm9kLWNhd/GFsb2ctbWVkaWEvc2kvMS8xQkUxQ0UyQUU3MzgyRjRCOUZENzI0NDV/FNEQ0NDVGREM1MDA1RUU2MkYxRDlDRkZFODMyQjkzOTNDRDNBRTU1LmpwZw.jpg",
        "accessibility": "Pakiranje štirih piščančjih stegen na črni plastični podlagi."
      }
    ],
    "analytics_category": "Food",
    "more_details": "Dodatne podrobnosti o izdelku",
    "won_category_primary": "Svetovi potreb/Hrana in bližnja hrana/Klobase in meso",
    "won_category_primary_path": "0/17/1717",
    "canonical_path": "/p/ave-sveza-piscancja-stegna-krace/p10082479",
    "canonical_url": "/p/ave-sveza-piscancja-stegna-krace/p10082479",
    "awards": [],
    "seals": [
      {
        "altText": "Nalepka: IZBRANA KAKOVOST, dva diamanti",
        "image": "https://imgproxy-retcat.assets.schwarz/wtd5_GfhfuyCgNwAfOv49gnGT4Rn6TY8NjywUVGixAk/sm:1/w:140/cz/M6Ly9wcm9kLWNhd/GFsb2ctbWVkaWEvc2kvMi9ERjg3RTE1MjgwMUFGRjI2RTRDNEZCMTc/zMkQ1NjRFODNBNzZEN0IxNUQ5MDY2Q0U4RDAxMEY5MTUzMzkyQjRCLnBuZw.png"
      }
    ],
    "ribbons": [],
    "highlighted_seals": 0,
    "lidl_plus": [],
    "regions": [],
    "ians": [
      "7301621"
    ],
    "show_brand": true,
    "deal_of_day_active": false,
    "full_title_meta": "AVE Sveža piščančja stegna/krače",
    "lists": [
      4991
    ],
    "preview": false,
    "category_breadcrumbs": [
      {
        "id": "10068374",
        "name": "Hrana in pijača",
        "url": "/c/hrana-in-pijaca/s10068374",
        "hidden": false
      },
      {
        "id": "10071016",
        "name": "Meso in mesni izdelki",
        "url": "/h/meso-in-mesni-izdelki/h10071016",
        "hidden": false
      }
    ],
    "campaigns": [
      {
        "id": "Current_Sales_Week",
        "name": "Ta teden",
        "url": null,
        "hidden": false
      },
      {
        "id": "10075258",
        "name": "Tvoja Lidl cena",
        "url": "/c/tvoja-lidl-cena/a10075258",
        "hidden": false
      }
    ],
    "world_of_needs_code": "1717",
    "world_of_needs_name": "Klobase in meso",
    "world_of_needs_parent": "17",
    "is_main_category": true,
    "super_categories": [
      {
        "code": "17",
        "name": "Hrana in bližnja hrana",
        "parent": "0"
      },
      {
        "code": "0",
        "name": "Svetovi potreb",
        "parent": ""
      }
    ],
    "position": 150,
    "tracking_payload": {
      "searchTrackingMasterId": "Product.10082479",
      "searchTrackingTitle": "Sve%C5%BEa+pi%C5%A1%C4%8Dan%C4%8Dja+stegna%2Fkra%C4%8De",
      "searchTrackingPageSize": 100,
      "searchTrackingPage": 2,
      "searchTrackingEvent": "click",
      "list": "search",
      "searchTrackingId": "Product.10082479",
      "searchTrackingOrigPos": 1,
      "searchTrackingPos": 150,
      "searchTrackingOrigPageSize": 100,
      "searchTrackingChannel": "SI",
      "category": "Food"
    }
  },
  {
    "code": "10082483",
    "name": "Šampon za lase",
    "url": "",
    "result_class": "product",
    "type": "product",
    "product_id": 10082483,
    "erp_number": "10082483",
    "item_id": 10082483,
    "full_title": "KOZMETIKA AFRODITA Šampon za lase",
    "title": "Šampon za lase",
    "category": "Food",
    "product_type": "RETAIL",
    "age_restriction": false,
    "is_used_product": false,
    "multipack": false,
    "online": false,
    "store": false,
    "quick_add_to_cart": false,
    "flash_sales": false,
    "having_videos": false,
    "having_threesixty": false,
    "price": 2.79,
    "old_price": 0.0,
    "currency_code": "EUR",
    "currency_symbol": "€",
    "has_star": true,
    "has_vat": false,
    "price_theme": "white_red",
    "variants_have_different_prices": false,
    "base_price_text": null,
    "base_price_prefix": null,
    "packaging_text": "1 l",
    "discount_deleted_price": null,
    "discount_text": "ZGRABITE PRILOŽNOST!",
    "discount_percentage": null,
    "discount_has_star": false,
    "show_discount": false,
    "show_percentage": false,
    "from_recommended_price": false,
    "availability_indicator": 0,
    "online_available": false,
    "min_orderable_quantity": 1,
    "orderable_quantities": [],
    "badge_texts": [
      "V trgovini od 10.07. do 16.07."
    ],
    "badge_types": [
      "IN_STORE_FROM_FUTURE_DATE_RANGE"
    ],
    "main_image": "https://imgproxy-retcat.assets.schwarz/fDH_3bc6E2MDywRtljdhpRMiaO5IbIUzyg9eVYHh7fw/sm:1/w:427/h:320/cz/M6Ly9wcm9kLWNhd/GFsb2ctbWVkaWEvc2kvMS85NzhENUQwN0EwOUM5M0Q4MDM0MkRGNTY/1NDg4NEMwM0Q1MUQ2RDE0REMxNjFDOUUzNTM4MkU3M0Q2NEIzOEY3LmpwZw.jpg",
    "image_list": [
      "https://imgproxy-retcat.assets.schwarz/fDH_3bc6E2MDywRtljdhpRMiaO5IbIUzyg9eVYHh7fw/sm:1/w:427/h:320/cz/M6Ly9wcm9kLWNhd/GFsb2ctbWVkaWEvc2kvMS85NzhENUQwN0EwOUM5M0Q4MDM0MkRGNTY/1NDg4NEMwM0Q1MUQ2RDE0REMxNjFDOUUzNTM4MkU3M0Q2NEIzOEY3LmpwZw.jpg",
      "https://imgproxy-retcat.assets.schwarz/Y1auXE6IDRPaj6mM_skTu0ehylkW5Vgj3Xe-LzMDCik/sm:1/w:427/h:320/cz/M6Ly9wcm9kLWNhd/GFsb2ctbWVkaWEvc2kvMS8zN0UzM0IyNzQyQUM4MzNGN0UxQzQ1MTh/GMkIyMkUzMTlFRDVCNTRBN0M1OEVENzZCRjBCOTExNDczQkU2REY3LmpwZw.jpg",
      "https://imgproxy-retcat.assets.schwarz/H_pdY2ChEN02UMX4Gwdibiosg6MpZRqLuNmFoVFM-oQ/sm:1/w:427/h:320/cz/M6Ly9wcm9kLWNhd/GFsb2ctbWVkaWEvc2kvMS81NDg5MDEwOERBNDE3N0VDNjVCMjlFMUQ/zMEFCM0REOTU2RjYzNDdBOUE5QzcyMUQyNzgzQ0EwMzU3ODlDQjBBLmpwZw.jpg"
    ],
    "image_accessibility": "Tri stekleničke tuš gela Aroma Rituals z različnimi vonji.",
    "detailed_images": [
      {
        "url": "https://imgproxy-retcat.assets.schwarz/fDH_3bc6E2MDywRtljdhpRMiaO5IbIUzyg9eVYHh7fw/sm:1/w:427/h:320/cz/M6Ly9wcm9kLWNhd/GFsb2ctbWVkaWEvc2kvMS85NzhENUQwN0EwOUM5M0Q4MDM0MkRGNTY/1NDg4NEMwM0Q1MUQ2RDE0REMxNjFDOUUzNTM4MkU3M0Q2NEIzOEY3LmpwZw.jpg",
        "accessibility": "Tri stekleničke tuš gela Aroma Rituals z različnimi vonji."
      },
      {
        "url": "https://imgproxy-retcat.assets.schwarz/Y1auXE6IDRPaj6mM_skTu0ehylkW5Vgj3Xe-LzMDCik/sm:1/w:427/h:320/cz/M6Ly9wcm9kLWNhd/GFsb2ctbWVkaWEvc2kvMS8zN0UzM0IyNzQyQUM4MzNGN0UxQzQ1MTh/GMkIyMkUzMTlFRDVCNTRBN0M1OEVENzZCRjBCOTExNDczQkU2REY3LmpwZw.jpg",
        "accessibility": "Steklenička šampona za lase Natura Siberica z izvlečkom sibirskih rastlin."
      },
      {
        "url": "https://imgproxy-retcat.assets.schwarz/H_pdY2ChEN02UMX4Gwdibiosg6MpZRqLuNmFoVFM-oQ/sm:1/w:427/h:320/cz/M6Ly9wcm9kLWNhd/GFsb2ctbWVkaWEvc2kvMS81NDg5MDEwOERBNDE3N0VDNjVCMjlFMUQ/zMEFCM0REOTU2RjYzNDdBOUE5QzcyMUQyNzgzQ0EwMzU3ODlDQjBBLmpwZw.jpg",
        "accessibility": "Balea šampon z limono in ingverjem za nego las."
      }
    ],
    "analytics_category": "Food",
    "more_details": "Dodatne podrobnosti o izdelku",
    "won_category_primary": "Svetovi potreb/Hrana in bližnja hrana/Drogerija - higiena, otroška hrana, kozmetika, čistila",
    "won_category_primary_path": "0/17/1723",
    "canonical_path": "/p/kozmetika-afrodita-sampon-za-lase/p10082483",
    "canonical_url": "/p/kozmetika-afrodita-sampon-za-lase/p10082483",
    "awards": [],
    "seals": [
      {
        "altText": "Slovenski izdelek",
        "image": "https://imgproxy-retcat.assets.schwarz/065GlWscfuyzRNlqdEjgEaZNE6893872XSglFaanlJA/sm:1/w:140/cz/M6Ly9wcm9kLWNhd/GFsb2ctbWVkaWEvc2kvMi83RTk4NkYyRDk1MTlDRUJBNzA1N0JGMzA/1QjA1NjUyRjVCMjMzNzZGRjY4MzVEREFGQzIwQzE5NDVFQUE5M0RCLnBuZw.png"
      }
    ],
    "ribbons": [],
    "highlighted_seals": 0,
    "lidl_plus": [],
    "regions": [],
    "ians": [
      "7306387"
    ],
    "show_brand": true,
    "deal_of_day_active": false,
    "full_title_meta": "KOZMETIKA AFRODITA Šampon za lase",
    "lists": [
      4991
    ],
    "preview": false,
    "category_breadcrumbs": [
      {
        "id": "10068374",
        "name": "Hrana in pijača",
        "url": "/c/hrana-in-pijaca/s10068374",
        "hidden": false
      },
      {
        "id": "10071019",
        "name": "Osebna nega",
        "url": "/h/osebna-nega/h10071019",
        "hidden": false
      }
    ],
    "campaigns": [
      {
        "id": "Current_Sales_Week",
        "name": "Ta teden",
        "url": null,
        "hidden": false
      },
      {
        "id": "10075258",
        "name": "Tvoja Lidl cena",
        "url": "/c/tvoja-lidl-cena/a10075258",
        "hidden": false
      }
    ],
    "world_of_needs_code": "1723",
    "world_of_needs_name": "Drogerija - higiena, otroška hrana, kozmetika, čistila",
    "world_of_needs_parent": "17",
    "is_main_category": true,
    "super_categories": [
      {
        "code": "17",
        "name": "Hrana in bližnja hrana",
        "parent": "0"
      },
      {
        "code": "0",
        "name": "Svetovi potreb",
        "parent": ""
      }
    ],
    "position": 151,
    "tracking_payload": {
      "searchTrackingMasterId": "Product.10082483",
      "searchTrackingTitle": "%C5%A0ampon+za+lase",
      "searchTrackingPageSize": 100,
      "searchTrackingPage": 2,
      "searchTrackingEvent": "click",
      "list": "search",
      "searchTrackingId": "Product.10082483",
      "searchTrackingOrigPos": 1,
      "searchTrackingPos": 151,
      "searchTrackingOrigPageSize": 100,
      "searchTrackingChannel": "SI",
      "category": "Food"
    }
  },
  {
    "code": "10082485",
    "name": "Kapsule za strojno pomivanje posode, 100 kosov",
    "url": "",
    "result_class": "product",
    "type": "product",
    "product_id": 10082485,
    "erp_number": "10082485",
    "item_id": 10082485,
    "full_title": "SOMAT Kapsule za strojno pomivanje posode, 100 kosov",
    "title": "Kapsule za strojno pomivanje posode, 100 kosov",
    "category": "Food",
    "product_type": "RETAIL",
    "age_restriction": false,
    "is_used_product": false,
    "multipack": false,
    "online": false,
    "store": false,
    "quick_add_to_cart": false,
    "flash_sales": false,
    "having_videos": false,
    "having_threesixty": false,
    "price": 18.49,
    "old_price": 0.0,
    "currency_code": "EUR",
    "currency_symbol": "€",
    "has_star": true,
    "has_vat": false,
    "price_theme": "white_red",
    "variants_have_different_prices": false,
    "base_price_text": "1 kos = 0.18",
    "base_price_prefix": false,
    "packaging_text": "100 kosov",
    "discount_deleted_price": null,
    "discount_text": "ZGRABITE PRILOŽNOST!",
    "discount_percentage": null,
    "discount_has_star": false,
    "show_discount": false,
    "show_percentage": false,
    "from_recommended_price": false,
    "availability_indicator": 0,
    "online_available": false,
    "min_orderable_quantity": 1,
    "orderable_quantities": [],
    "badge_texts": [
      "V trgovini od 10.07. do 16.07."
    ],
    "badge_types": [
      "IN_STORE_FROM_FUTURE_DATE_RANGE"
    ],
    "main_image": "https://imgproxy-retcat.assets.schwarz/HYsqC0V8N9UCnZ0gV8vBmLimnOiDUBnvsf3svtSRzmI/sm:1/w:427/h:320/cz/M6Ly9wcm9kLWNhd/GFsb2ctbWVkaWEvc2kvMS9FRTVCNEJGMEExOTY0NUFGRDNGQzQ5QkQ/0RDEzNjI5OTlGNThENzAzRjVENzhBQkIzQUQ2RDU4MjEwQUY3OUI5LmpwZw.jpg",
    "image_list": [
      "https://imgproxy-retcat.assets.schwarz/HYsqC0V8N9UCnZ0gV8vBmLimnOiDUBnvsf3svtSRzmI/sm:1/w:427/h:320/cz/M6Ly9wcm9kLWNhd/GFsb2ctbWVkaWEvc2kvMS9FRTVCNEJGMEExOTY0NUFGRDNGQzQ5QkQ/0RDEzNjI5OTlGNThENzAzRjVENzhBQkIzQUQ2RDU4MjEwQUY3OUI5LmpwZw.jpg"
    ],
    "image_accessibility": "Somat All in 1 Extra tablete za pomivalni stroj.",
    "detailed_images": [
      {
        "url": "https://imgproxy-retcat.assets.schwarz/HYsqC0V8N9UCnZ0gV8vBmLimnOiDUBnvsf3svtSRzmI/sm:1/w:427/h:320/cz/M6Ly9wcm9kLWNhd/GFsb2ctbWVkaWEvc2kvMS9FRTVCNEJGMEExOTY0NUFGRDNGQzQ5QkQ/0RDEzNjI5OTlGNThENzAzRjVENzhBQkIzQUQ2RDU4MjEwQUY3OUI5LmpwZw.jpg",
        "accessibility": "Somat All in 1 Extra tablete za pomivalni stroj."
      }
    ],
    "analytics_category": "Food",
    "more_details": "Dodatne podrobnosti o izdelku",
    "won_category_primary": "Svetovi potreb/Hrana in bližnja hrana/Drogerija - higiena, otroška hrana, kozmetika, čistila",
    "won_category_primary_path": "0/17/1723",
    "canonical_path": "/p/somat-kapsule-za-strojno-pomivanje-posode-100-kosov/p10082485",
    "canonical_url": "/p/somat-kapsule-za-strojno-pomivanje-posode-100-kosov/p10082485",
    "awards": [],
    "seals": [],
    "ribbons": [],
    "highlighted_seals": 0,
    "lidl_plus": [],
    "regions": [],
    "ians": [
      "216269"
    ],
    "show_brand": true,
    "deal_of_day_active": false,
    "full_title_meta": "SOMAT Kapsule za strojno pomivanje posode, 100 kosov",
    "lists": [
      4991
    ],
    "preview": false,
    "category_breadcrumbs": [
      {
        "id": "10068374",
        "name": "Hrana in pijača",
        "url": "/c/hrana-in-pijaca/s10068374",
        "hidden": false
      },
      {
        "id": "10071019",
        "name": "Osebna nega",
        "url": "/h/osebna-nega/h10071019",
        "hidden": false
      }
    ],
    "campaigns": [
      {
        "id": "Current_Sales_Week",
        "name": "Ta teden",
        "url": null,
        "hidden": false
      },
      {
        "id": "10075258",
        "name": "Tvoja Lidl cena",
        "url": "/c/tvoja-lidl-cena/a10075258",
        "hidden": false
      }
    ],
    "world_of_needs_code": "1723",
    "world_of_needs_name": "Drogerija - higiena, otroška hrana, kozmetika, čistila",
    "world_of_needs_parent": "17",
    "is_main_category": true,
    "super_categories": [
      {
        "code": "17",
        "name": "Hrana in bližnja hrana",
        "parent": "0"
      },
      {
        "code": "0",
        "name": "Svetovi potreb",
        "parent": ""
      }
    ],
    "position": 152,
    "tracking_payload": {
      "searchTrackingMasterId": "Product.10082485",
      "searchTrackingTitle": "Kapsule+za+strojno+pomivanje+posode%2C+100+kosov",
      "searchTrackingPageSize": 100,
      "searchTrackingPage": 2,
      "searchTrackingEvent": "click",
      "list": "search",
      "searchTrackingId": "Product.10082485",
      "searchTrackingOrigPos": 1,
      "searchTrackingPos": 152,
      "searchTrackingOrigPageSize": 100,
      "searchTrackingChannel": "SI",
      "category": "Food"
    }
  },
  {
    "code": "10082487",
    "name": "Pralni prašek, 2,7 kg",
    "url": "",
    "result_class": "product",
    "type": "product",
    "product_id": 10082487,
    "erp_number": "10082487",
    "item_id": 10082487,
    "full_title": "DUEL Pralni prašek, 2,7 kg",
    "title": "Pralni prašek, 2,7 kg",
    "category": "Food",
    "product_type": "RETAIL",
    "age_restriction": false,
    "is_used_product": false,
    "multipack": false,
    "online": false,
    "store": false,
    "quick_add_to_cart": false,
    "flash_sales": false,
    "having_videos": false,
    "having_threesixty": false,
    "price": 5.59,
    "old_price": 0.0,
    "currency_code": "EUR",
    "currency_symbol": "€",
    "has_star": true,
    "has_vat": false,
    "price_theme": "white_red",
    "variants_have_different_prices": false,
    "base_price_text": "1 kg = 2.07",
    "base_price_prefix": false,
    "packaging_text": "2,7 kg",
    "discount_deleted_price": null,
    "discount_text": "ZGRABITE PRILOŽNOST!",
    "discount_percentage": null,
    "discount_has_star": false,
    "show_discount": false,
    "show_percentage": false,
    "from_recommended_price": false,
    "availability_indicator": 0,
    "online_available": false,
    "min_orderable_quantity": 1,
    "orderable_quantities": [],
    "badge_texts": [
      "V trgovini od 10.07. do 16.07."
    ],
    "badge_types": [
      "IN_STORE_FROM_FUTURE_DATE_RANGE"
    ],
    "main_image": "https://imgproxy-retcat.assets.schwarz/1hJ6XUA48W1-4CEyZUKX9RTxz4dmE0fOk_4Ld4PO6MY/sm:1/w:427/h:320/cz/M6Ly9wcm9kLWNhd/GFsb2ctbWVkaWEvc2kvMS9FOTM2MUQ5RkMzNDVCRjQwMTM0NkU0NjQ/0QkI2N0JCMkFERkZFN0QwMDkwMUJCODgwMzVGMDNFOTQ1OTBGMzQ3LmpwZw.jpg",
    "image_list": [
      "https://imgproxy-retcat.assets.schwarz/1hJ6XUA48W1-4CEyZUKX9RTxz4dmE0fOk_4Ld4PO6MY/sm:1/w:427/h:320/cz/M6Ly9wcm9kLWNhd/GFsb2ctbWVkaWEvc2kvMS9FOTM2MUQ5RkMzNDVCRjQwMTM0NkU0NjQ/0QkI2N0JCMkFERkZFN0QwMDkwMUJCODgwMzVGMDNFOTQ1OTBGMzQ3LmpwZw.jpg",
      "https://imgproxy-retcat.assets.schwarz/k9bmFnO5MqzhSf0Bea9TLosaDlzf-Ee8AZPerT3M-Hc/sm:1/w:427/h:320/cz/M6Ly9wcm9kLWNhd/GFsb2ctbWVkaWEvc2kvMS9CNDM3NjZDMDMyQjAyRkFEMURFNjU4MjI/2RjYyNDJGQkEzQjM4MzIwOEUyM0U1OEM3M0VBOTVGNzdGRDE1NkFCLmpwZw.jpg",
      "https://imgproxy-retcat.assets.schwarz/ua3Z3iAil0LbUix4hhjmMIsOx0bva8hSX0kh4op2eXM/sm:1/w:427/h:320/cz/M6Ly9wcm9kLWNhd/GFsb2ctbWVkaWEvc2kvMS9GM0Y2REUzNkZGQTk2NUU2RjY2RTBDRjZ/BNEYwMEQ5NDk2MjVDNTZBQ0RBQzhGNUIzN0U0NkZCNzQxQ0YwNjJDLmpwZw.jpg"
    ],
    "image_accessibility": "Tri vrečke pralnega praška Duel v različnih vonjih: gorski, limonin in lila.",
    "detailed_images": [
      {
        "url": "https://imgproxy-retcat.assets.schwarz/1hJ6XUA48W1-4CEyZUKX9RTxz4dmE0fOk_4Ld4PO6MY/sm:1/w:427/h:320/cz/M6Ly9wcm9kLWNhd/GFsb2ctbWVkaWEvc2kvMS9FOTM2MUQ5RkMzNDVCRjQwMTM0NkU0NjQ/0QkI2N0JCMkFERkZFN0QwMDkwMUJCODgwMzVGMDNFOTQ1OTBGMzQ3LmpwZw.jpg",
        "accessibility": "Tri vrečke pralnega praška Duel v različnih vonjih: gorski, limonin in lila."
      },
      {
        "url": "https://imgproxy-retcat.assets.schwarz/k9bmFnO5MqzhSf0Bea9TLosaDlzf-Ee8AZPerT3M-Hc/sm:1/w:427/h:320/cz/M6Ly9wcm9kLWNhd/GFsb2ctbWVkaWEvc2kvMS9CNDM3NjZDMDMyQjAyRkFEMURFNjU4MjI/2RjYyNDJGQkEzQjM4MzIwOEUyM0U1OEM3M0VBOTVGNzdGRDE1NkFCLmpwZw.jpg",
        "accessibility": "Paket tekočega pralnega praška Duel Soft Lotus."
      },
      {
        "url": "https://imgproxy-retcat.assets.schwarz/ua3Z3iAil0LbUix4hhjmMIsOx0bva8hSX0kh4op2eXM/sm:1/w:427/h:320/cz/M6Ly9wcm9kLWNhd/GFsb2ctbWVkaWEvc2kvMS9GM0Y2REUzNkZGQTk2NUU2RjY2RTBDRjZ/BNEYwMEQ5NDk2MjVDNTZBQ0RBQzhGNUIzN0U0NkZCNzQxQ0YwNjJDLmpwZw.jpg",
        "accessibility": "Paket pralnega praška Duel z vonjem lila."
      }
    ],
    "analytics_category": "Food",
    "more_details": "Dodatne podrobnosti o izdelku",
    "won_category_primary": "Svetovi potreb/Hrana in bližnja hrana/Drogerija - higiena, otroška hrana, kozmetika, čistila",
    "won_category_primary_path": "0/17/1723",
    "canonical_path": "/p/duel-pralni-prasek-2-7-kg/p10082487",
    "canonical_url": "/p/duel-pralni-prasek-2-7-kg/p10082487",
    "awards": [],
    "seals": [],
    "ribbons": [],
    "highlighted_seals": 0,
    "lidl_plus": [],
    "regions": [],
    "ians": [
      "7308231"
    ],
    "show_brand": true,
    "deal_of_day_active": false,
    "full_title_meta": "DUEL Pralni prašek, 2,7 kg",
    "lists": [
      4991
    ],
    "preview": false,
    "category_breadcrumbs": [
      {
        "id": "10068374",
        "name": "Hrana in pijača",
        "url": "/c/hrana-in-pijaca/s10068374",
        "hidden": false
      },
      {
        "id": "10071019",
        "name": "Osebna nega",
        "url": "/h/osebna-nega/h10071019",
        "hidden": false
      }
    ],
    "campaigns": [
      {
        "id": "Current_Sales_Week",
        "name": "Ta teden",
        "url": null,
        "hidden": false
      },
      {
        "id": "10075258",
        "name": "Tvoja Lidl cena",
        "url": "/c/tvoja-lidl-cena/a10075258",
        "hidden": false
      }
    ],
    "world_of_needs_code": "1723",
    "world_of_needs_name": "Drogerija - higiena, otroška hrana, kozmetika, čistila",
    "world_of_needs_parent": "17",
    "is_main_category": true,
    "super_categories": [
      {
        "code": "17",
        "name": "Hrana in bližnja hrana",
        "parent": "0"
      },
      {
        "code": "0",
        "name": "Svetovi potreb",
        "parent": ""
      }
    ],
    "position": 153,
    "tracking_payload": {
      "searchTrackingMasterId": "Product.10082487",
      "searchTrackingTitle": "Pralni+pra%C5%A1ek%2C+2%2C7+kg",
      "searchTrackingPageSize": 100,
      "searchTrackingPage": 2,
      "searchTrackingEvent": "click",
      "list": "search",
      "searchTrackingId": "Product.10082487",
      "searchTrackingOrigPos": 1,
      "searchTrackingPos": 153,
      "searchTrackingOrigPageSize": 100,
      "searchTrackingChannel": "SI",
      "category": "Food"
    }
  },
  {
    "code": "10082491",
    "name": "Mehčalec",
    "url": "",
    "result_class": "product",
    "type": "product",
    "product_id": 10082491,
    "erp_number": "10082491",
    "item_id": 10082491,
    "full_title": "DUEL Mehčalec",
    "title": "Mehčalec",
    "category": "Food",
    "product_type": "RETAIL",
    "age_restriction": false,
    "is_used_product": false,
    "multipack": false,
    "online": false,
    "store": false,
    "quick_add_to_cart": false,
    "flash_sales": false,
    "having_videos": false,
    "having_threesixty": false,
    "price": 5.59,
    "old_price": 0.0,
    "currency_code": "EUR",
    "currency_symbol": "€",
    "has_star": true,
    "has_vat": false,
    "price_theme": "white_red",
    "variants_have_different_prices": false,
    "base_price_text": "1 l = 2.28",
    "base_price_prefix": false,
    "packaging_text": "2,45 l",
    "discount_deleted_price": null,
    "discount_text": "98 PRANJ",
    "discount_percentage": null,
    "discount_has_star": false,
    "show_discount": false,
    "show_percentage": false,
    "from_recommended_price": false,
    "availability_indicator": 0,
    "online_available": false,
    "min_orderable_quantity": 1,
    "orderable_quantities": [],
    "badge_texts": [
      "V trgovini od 10.07. do 16.07."
    ],
    "badge_types": [
      "IN_STORE_FROM_FUTURE_DATE_RANGE"
    ],
    "main_image": "https://imgproxy-retcat.assets.schwarz/XhlpUCDMyb-jphqCIy8qccDJ4zpZDZsPXyVaLg8LZ68/sm:1/w:427/h:320/cz/M6Ly9wcm9kLWNhd/GFsb2ctbWVkaWEvc2kvMS83MjY4MEQzNDUwMDI2OUFGQ0U3NDA4MUU/5Q0IwQTgwOTZDMkU5NTQ2MUE4N0YxOERFQjUyQzk5MkM4OTBEMjRCLmpwZw.jpg",
    "image_list": [
      "https://imgproxy-retcat.assets.schwarz/XhlpUCDMyb-jphqCIy8qccDJ4zpZDZsPXyVaLg8LZ68/sm:1/w:427/h:320/cz/M6Ly9wcm9kLWNhd/GFsb2ctbWVkaWEvc2kvMS83MjY4MEQzNDUwMDI2OUFGQ0U3NDA4MUU/5Q0IwQTgwOTZDMkU5NTQ2MUE4N0YxOERFQjUyQzk5MkM4OTBEMjRCLmpwZw.jpg",
      "https://imgproxy-retcat.assets.schwarz/pw9NQStxeblPxPaZO9dUW_SE3LwHKG3XwVYPdlxOckU/sm:1/w:427/h:320/cz/M6Ly9wcm9kLWNhd/GFsb2ctbWVkaWEvc2kvMS81ODU4QUEzMjM3RTQ3NDI2RTc3QkVDMzd/ENUUwMUY1RENFNTlFM0E0N0E2MTZBQjlBNUFCOEQyNjQ4NjdBQzg2LmpwZw.jpg",
      "https://imgproxy-retcat.assets.schwarz/DnO-mj-3SE1QR2HgQ68YmHrGHQqVnpHH-fbG3Xh0uqM/sm:1/w:427/h:320/cz/M6Ly9wcm9kLWNhd/GFsb2ctbWVkaWEvc2kvMS84Q0Y1NjlDRkQ2RTU0QkRCNzhERjM0OEZ/EQjFCOTYxODMxOTcwNEUwQzY5QkQ1MjIyRUY1NDE0OTFCMENCQkJDLmpwZw.jpg"
    ],
    "image_accessibility": "Tri steklenice olja Dalmacija različnih velikosti.",
    "detailed_images": [
      {
        "url": "https://imgproxy-retcat.assets.schwarz/XhlpUCDMyb-jphqCIy8qccDJ4zpZDZsPXyVaLg8LZ68/sm:1/w:427/h:320/cz/M6Ly9wcm9kLWNhd/GFsb2ctbWVkaWEvc2kvMS83MjY4MEQzNDUwMDI2OUFGQ0U3NDA4MUU/5Q0IwQTgwOTZDMkU5NTQ2MUE4N0YxOERFQjUyQzk5MkM4OTBEMjRCLmpwZw.jpg",
        "accessibility": "Tri steklenice olja Dalmacija različnih velikosti."
      },
      {
        "url": "https://imgproxy-retcat.assets.schwarz/pw9NQStxeblPxPaZO9dUW_SE3LwHKG3XwVYPdlxOckU/sm:1/w:427/h:320/cz/M6Ly9wcm9kLWNhd/GFsb2ctbWVkaWEvc2kvMS81ODU4QUEzMjM3RTQ3NDI2RTc3QkVDMzd/ENUUwMUY1RENFNTlFM0E0N0E2MTZBQjlBNUFCOEQyNjQ4NjdBQzg2LmpwZw.jpg",
        "accessibility": "Steklenica olja Duel."
      },
      {
        "url": "https://imgproxy-retcat.assets.schwarz/DnO-mj-3SE1QR2HgQ68YmHrGHQqVnpHH-fbG3Xh0uqM/sm:1/w:427/h:320/cz/M6Ly9wcm9kLWNhd/GFsb2ctbWVkaWEvc2kvMS84Q0Y1NjlDRkQ2RTU0QkRCNzhERjM0OEZ/EQjFCOTYxODMxOTcwNEUwQzY5QkQ1MjIyRUY1NDE0OTFCMENCQkJDLmpwZw.jpg",
        "accessibility": "Steklenica tekočine za pranje Duel z vonjem po jasminu."
      }
    ],
    "analytics_category": "Food",
    "more_details": "Dodatne podrobnosti o izdelku",
    "won_category_primary": "Svetovi potreb/Hrana in bližnja hrana/Drogerija - higiena, otroška hrana, kozmetika, čistila",
    "won_category_primary_path": "0/17/1723",
    "canonical_path": "/p/duel-mehcalec/p10082491",
    "canonical_url": "/p/duel-mehcalec/p10082491",
    "awards": [],
    "seals": [],
    "ribbons": [],
    "highlighted_seals": 0,
    "lidl_plus": [],
    "regions": [],
    "ians": [
      "7308228"
    ],
    "show_brand": true,
    "deal_of_day_active": false,
    "full_title_meta": "DUEL Mehčalec",
    "lists": [
      4991
    ],
    "preview": false,
    "category_breadcrumbs": [
      {
        "id": "10068374",
        "name": "Hrana in pijača",
        "url": "/c/hrana-in-pijaca/s10068374",
        "hidden": false
      },
      {
        "id": "10071019",
        "name": "Osebna nega",
        "url": "/h/osebna-nega/h10071019",
        "hidden": false
      }
    ],
    "campaigns": [
      {
        "id": "Current_Sales_Week",
        "name": "Ta teden",
        "url": null,
        "hidden": false
      },
      {
        "id": "10075258",
        "name": "Tvoja Lidl cena",
        "url": "/c/tvoja-lidl-cena/a10075258",
        "hidden": false
      }
    ],
    "world_of_needs_code": "1723",
    "world_of_needs_name": "Drogerija - higiena, otroška hrana, kozmetika, čistila",
    "world_of_needs_parent": "17",
    "is_main_category": true,
    "super_categories": [
      {
        "code": "17",
        "name": "Hrana in bližnja hrana",
        "parent": "0"
      },
      {
        "code": "0",
        "name": "Svetovi potreb",
        "parent": ""
      }
    ],
    "position": 154,
    "tracking_payload": {
      "searchTrackingMasterId": "Product.10082491",
      "searchTrackingTitle": "Meh%C4%8Dalec",
      "searchTrackingPageSize": 100,
      "searchTrackingPage": 2,
      "searchTrackingEvent": "click",
      "list": "search",
      "searchTrackingId": "Product.10082491",
      "searchTrackingOrigPos": 1,
      "searchTrackingPos": 154,
      "searchTrackingOrigPageSize": 100,
      "searchTrackingChannel": "SI",
      "category": "Food"
    }
  },
  {
    "code": "10082493",
    "name": "Čistilo za WC školjko v gelu",
    "url": "",
    "result_class": "product",
    "type": "product",
    "product_id": 10082493,
    "erp_number": "10082493",
    "item_id": 10082493,
    "full_title": "WC NET Čistilo za WC školjko v gelu",
    "title": "Čistilo za WC školjko v gelu",
    "category": "Food",
    "product_type": "RETAIL",
    "age_restriction": false,
    "is_used_product": false,
    "multipack": false,
    "online": false,
    "store": false,
    "quick_add_to_cart": false,
    "flash_sales": false,
    "having_videos": false,
    "having_threesixty": false,
    "price": 1.69,
    "old_price": 0.0,
    "currency_code": "EUR",
    "currency_symbol": "€",
    "has_star": true,
    "has_vat": false,
    "price_theme": "white_red",
    "variants_have_different_prices": false,
    "base_price_text": "1 l = 2.25",
    "base_price_prefix": false,
    "packaging_text": "750 ml",
    "discount_deleted_price": null,
    "discount_text": "ZGRABITE PRILOŽNOST!",
    "discount_percentage": null,
    "discount_has_star": false,
    "show_discount": false,
    "show_percentage": false,
    "from_recommended_price": false,
    "availability_indicator": 0,
    "online_available": false,
    "min_orderable_quantity": 1,
    "orderable_quantities": [],
    "badge_texts": [
      "V trgovini od 10.07. do 16.07."
    ],
    "badge_types": [
      "IN_STORE_FROM_FUTURE_DATE_RANGE"
    ],
    "main_image": "https://imgproxy-retcat.assets.schwarz/kuZleF-kD47vJidmKUck4KKlbU0Kg_TtkFcWXSSPKSY/sm:1/w:427/h:320/cz/M6Ly9wcm9kLWNhd/GFsb2ctbWVkaWEvc2kvMS84OTY3NjREMjU1ODk4ODg2NTMxOTFDNkR/BNEI2MzI5QjM4NTQ4NTVCN0E1ODlBNUUyNzU2MkQ3NDExNjk5RUY1LmpwZw.jpg",
    "image_list": [
      "https://imgproxy-retcat.assets.schwarz/kuZleF-kD47vJidmKUck4KKlbU0Kg_TtkFcWXSSPKSY/sm:1/w:427/h:320/cz/M6Ly9wcm9kLWNhd/GFsb2ctbWVkaWEvc2kvMS84OTY3NjREMjU1ODk4ODg2NTMxOTFDNkR/BNEI2MzI5QjM4NTQ4NTVCN0E1ODlBNUUyNzU2MkQ3NDExNjk5RUY1LmpwZw.jpg",
      "https://imgproxy-retcat.assets.schwarz/YknYSHFrLg13KHy2cfwzpLJvxb-koBlShYvEY3R0lFo/sm:1/w:427/h:320/cz/M6Ly9wcm9kLWNhd/GFsb2ctbWVkaWEvc2kvMS9BMDU0NUE5MTM4NDhBQjUzOEY0QzhBMEY/xODcxQTY2MEZFN0IyMUZENjZDMTlFOTUxRDc3MkZFMEM5MDIyNDBGLmpwZw.jpg",
      "https://imgproxy-retcat.assets.schwarz/64TPau_U8S9KiDjjtVcrCFBkXR-Uofqg8CbJBKUfFIw/sm:1/w:427/h:320/cz/M6Ly9wcm9kLWNhd/GFsb2ctbWVkaWEvc2kvMS9DRjcxQUVFRDE5OERCMUQxNjRCQUY0OTg/3MDc1MEE2QUQzMjEwOUUwMzA4NTk4NTc2MUE2MjA5OUZCNzA4MUY2LmpwZw.jpg"
    ],
    "image_accessibility": "Tri stekleničke WC Net čistila za stranišča z različnimi vonji.",
    "detailed_images": [
      {
        "url": "https://imgproxy-retcat.assets.schwarz/kuZleF-kD47vJidmKUck4KKlbU0Kg_TtkFcWXSSPKSY/sm:1/w:427/h:320/cz/M6Ly9wcm9kLWNhd/GFsb2ctbWVkaWEvc2kvMS84OTY3NjREMjU1ODk4ODg2NTMxOTFDNkR/BNEI2MzI5QjM4NTQ4NTVCN0E1ODlBNUUyNzU2MkQ3NDExNjk5RUY1LmpwZw.jpg",
        "accessibility": "Tri stekleničke WC Net čistila za stranišča z različnimi vonji."
      },
      {
        "url": "https://imgproxy-retcat.assets.schwarz/YknYSHFrLg13KHy2cfwzpLJvxb-koBlShYvEY3R0lFo/sm:1/w:427/h:320/cz/M6Ly9wcm9kLWNhd/GFsb2ctbWVkaWEvc2kvMS9BMDU0NUE5MTM4NDhBQjUzOEY0QzhBMEY/xODcxQTY2MEZFN0IyMUZENjZDMTlFOTUxRDc3MkZFMEM5MDIyNDBGLmpwZw.jpg",
        "accessibility": "WC Net Gel WC čistilo."
      },
      {
        "url": "https://imgproxy-retcat.assets.schwarz/64TPau_U8S9KiDjjtVcrCFBkXR-Uofqg8CbJBKUfFIw/sm:1/w:427/h:320/cz/M6Ly9wcm9kLWNhd/GFsb2ctbWVkaWEvc2kvMS9DRjcxQUVFRDE5OERCMUQxNjRCQUY0OTg/3MDc1MEE2QUQzMjEwOUUwMzA4NTk4NTc2MUE2MjA5OUZCNzA4MUY2LmpwZw.jpg",
        "accessibility": "WC Net čistilo za stranišča z vonjem limete in gardenije."
      }
    ],
    "analytics_category": "Food",
    "more_details": "Dodatne podrobnosti o izdelku",
    "won_category_primary": "Svetovi potreb/Hrana in bližnja hrana/Drogerija - higiena, otroška hrana, kozmetika, čistila",
    "won_category_primary_path": "0/17/1723",
    "canonical_path": "/p/wc-net-cistilo-za-wc-skoljko-v-gelu/p10082493",
    "canonical_url": "/p/wc-net-cistilo-za-wc-skoljko-v-gelu/p10082493",
    "awards": [],
    "seals": [],
    "ribbons": [],
    "highlighted_seals": 0,
    "lidl_plus": [],
    "regions": [],
    "ians": [
      "7302656"
    ],
    "show_brand": true,
    "deal_of_day_active": false,
    "full_title_meta": "WC NET Čistilo za WC školjko v gelu",
    "lists": [
      4991
    ],
    "preview": false,
    "category_breadcrumbs": [
      {
        "id": "10068374",
        "name": "Hrana in pijača",
        "url": "/c/hrana-in-pijaca/s10068374",
        "hidden": false
      },
      {
        "id": "10071019",
        "name": "Osebna nega",
        "url": "/h/osebna-nega/h10071019",
        "hidden": false
      }
    ],
    "campaigns": [
      {
        "id": "Current_Sales_Week",
        "name": "Ta teden",
        "url": null,
        "hidden": false
      },
      {
        "id": "10075258",
        "name": "Tvoja Lidl cena",
        "url": "/c/tvoja-lidl-cena/a10075258",
        "hidden": false
      }
    ],
    "world_of_needs_code": "1723",
    "world_of_needs_name": "Drogerija - higiena, otroška hrana, kozmetika, čistila",
    "world_of_needs_parent": "17",
    "is_main_category": true,
    "super_categories": [
      {
        "code": "17",
        "name": "Hrana in bližnja hrana",
        "parent": "0"
      },
      {
        "code": "0",
        "name": "Svetovi potreb",
        "parent": ""
      }
    ],
    "position": 155,
    "tracking_payload": {
      "searchTrackingMasterId": "Product.10082493",
      "searchTrackingTitle": "%C4%8Cistilo+za+WC+%C5%A1koljko+v+gelu",
      "searchTrackingPageSize": 100,
      "searchTrackingPage": 2,
      "searchTrackingEvent": "click",
      "list": "search",
      "searchTrackingId": "Product.10082493",
      "searchTrackingOrigPos": 1,
      "searchTrackingPos": 155,
      "searchTrackingOrigPageSize": 100,
      "searchTrackingChannel": "SI",
      "category": "Food"
    }
  },
  {
    "code": "10082495",
    "name": "Toaletni papir",
    "url": "",
    "result_class": "product",
    "type": "product",
    "product_id": 10082495,
    "erp_number": "10082495",
    "item_id": 10082495,
    "full_title": "FLORALYS Toaletni papir",
    "title": "Toaletni papir",
    "category": "Food",
    "product_type": "RETAIL",
    "age_restriction": false,
    "is_used_product": false,
    "multipack": false,
    "online": false,
    "store": false,
    "quick_add_to_cart": false,
    "flash_sales": false,
    "having_videos": false,
    "having_threesixty": false,
    "price": 8.99,
    "old_price": 0.0,
    "currency_code": "EUR",
    "currency_symbol": "€",
    "has_star": true,
    "has_vat": false,
    "price_theme": "white_red",
    "variants_have_different_prices": false,
    "base_price_text": "1 rolica = 0.28",
    "base_price_prefix": false,
    "packaging_text": "32 rolic",
    "discount_deleted_price": null,
    "discount_text": "ZGRABITE PRILOŽNOST!",
    "discount_percentage": null,
    "discount_has_star": false,
    "show_discount": false,
    "show_percentage": false,
    "from_recommended_price": false,
    "availability_indicator": 0,
    "online_available": false,
    "min_orderable_quantity": 1,
    "orderable_quantities": [],
    "badge_texts": [
      "V trgovini od 10.07. do 16.07."
    ],
    "badge_types": [
      "IN_STORE_FROM_FUTURE_DATE_RANGE"
    ],
    "main_image": "https://imgproxy-retcat.assets.schwarz/KeHUVRpaqhAqlozA2bMoqr3qry6KfO6dMsR5_aICllI/sm:1/w:427/h:320/cz/M6Ly9wcm9kLWNhd/GFsb2ctbWVkaWEvc2kvMS9DOEM1RUQ5RkUyREQ2NUZCQjg3RDUyMjE/3QjJEM0ZFRjE5NDIzOTFERDI1NEY5ODQxMjdBQkU0NkQzRjcwRkU0LmpwZw.jpg",
    "image_list": [
      "https://imgproxy-retcat.assets.schwarz/KeHUVRpaqhAqlozA2bMoqr3qry6KfO6dMsR5_aICllI/sm:1/w:427/h:320/cz/M6Ly9wcm9kLWNhd/GFsb2ctbWVkaWEvc2kvMS9DOEM1RUQ5RkUyREQ2NUZCQjg3RDUyMjE/3QjJEM0ZFRjE5NDIzOTFERDI1NEY5ODQxMjdBQkU0NkQzRjcwRkU0LmpwZw.jpg"
    ],
    "image_accessibility": "Pakiranje toaletnega papirja Florahys Soft.",
    "detailed_images": [
      {
        "url": "https://imgproxy-retcat.assets.schwarz/KeHUVRpaqhAqlozA2bMoqr3qry6KfO6dMsR5_aICllI/sm:1/w:427/h:320/cz/M6Ly9wcm9kLWNhd/GFsb2ctbWVkaWEvc2kvMS9DOEM1RUQ5RkUyREQ2NUZCQjg3RDUyMjE/3QjJEM0ZFRjE5NDIzOTFERDI1NEY5ODQxMjdBQkU0NkQzRjcwRkU0LmpwZw.jpg",
        "accessibility": "Pakiranje toaletnega papirja Florahys Soft."
      }
    ],
    "analytics_category": "Food",
    "more_details": "Dodatne podrobnosti o izdelku",
    "won_category_primary": "Svetovi potreb/Hrana in bližnja hrana/Drogerija - higiena, otroška hrana, kozmetika, čistila",
    "won_category_primary_path": "0/17/1723",
    "canonical_path": "/p/floralys-toaletni-papir/p10082495",
    "canonical_url": "/p/floralys-toaletni-papir/p10082495",
    "awards": [],
    "seals": [],
    "ribbons": [],
    "highlighted_seals": 0,
    "lidl_plus": [],
    "regions": [],
    "ians": [
      "219866"
    ],
    "show_brand": true,
    "deal_of_day_active": false,
    "full_title_meta": "FLORALYS Toaletni papir",
    "lists": [
      4991
    ],
    "preview": false,
    "category_breadcrumbs": [
      {
        "id": "10068374",
        "name": "Hrana in pijača",
        "url": "/c/hrana-in-pijaca/s10068374",
        "hidden": false
      },
      {
        "id": "10071019",
        "name": "Osebna nega",
        "url": "/h/osebna-nega/h10071019",
        "hidden": false
      }
    ],
    "campaigns": [
      {
        "id": "Current_Sales_Week",
        "name": "Ta teden",
        "url": null,
        "hidden": false
      },
      {
        "id": "10075258",
        "name": "Tvoja Lidl cena",
        "url": "/c/tvoja-lidl-cena/a10075258",
        "hidden": false
      }
    ],
    "world_of_needs_code": "1723",
    "world_of_needs_name": "Drogerija - higiena, otroška hrana, kozmetika, čistila",
    "world_of_needs_parent": "17",
    "is_main_category": true,
    "super_categories": [
      {
        "code": "17",
        "name": "Hrana in bližnja hrana",
        "parent": "0"
      },
      {
        "code": "0",
        "name": "Svetovi potreb",
        "parent": ""
      }
    ],
    "position": 156,
    "tracking_payload": {
      "searchTrackingMasterId": "Product.10082495",
      "searchTrackingTitle": "Toaletni+papir",
      "searchTrackingPageSize": 100,
      "searchTrackingPage": 2,
      "searchTrackingEvent": "click",
      "list": "search",
      "searchTrackingId": "Product.10082495",
      "searchTrackingOrigPos": 1,
      "searchTrackingPos": 156,
      "searchTrackingOrigPageSize": 100,
      "searchTrackingChannel": "SI",
      "category": "Food"
    }
  },
  {
    "code": "10082497",
    "name": "Izbor proteinskih izdelkov",
    "url": "",
    "result_class": "product",
    "type": "product",
    "product_id": 10082497,
    "erp_number": "10082497",
    "item_id": 10082497,
    "full_title": "PROTEINI.SI Izbor proteinskih izdelkov",
    "title": "Izbor proteinskih izdelkov",
    "category": "Food",
    "product_type": "RETAIL",
    "age_restriction": false,
    "is_used_product": false,
    "multipack": false,
    "online": false,
    "store": false,
    "quick_add_to_cart": false,
    "flash_sales": false,
    "having_videos": false,
    "having_threesixty": false,
    "price": 0.99,
    "old_price": 0.0,
    "currency_code": "EUR",
    "currency_symbol": "€",
    "has_star": true,
    "has_vat": false,
    "price_theme": "white_red",
    "variants_have_different_prices": false,
    "base_price_text": null,
    "base_price_prefix": null,
    "packaging_text": null,
    "discount_deleted_price": null,
    "discount_text": "že od",
    "discount_percentage": null,
    "discount_has_star": false,
    "show_discount": false,
    "show_percentage": false,
    "from_recommended_price": false,
    "availability_indicator": 0,
    "online_available": false,
    "min_orderable_quantity": 1,
    "orderable_quantities": [],
    "badge_texts": [
      "V trgovini od 10.07. do 16.07."
    ],
    "badge_types": [
      "IN_STORE_FROM_FUTURE_DATE_RANGE"
    ],
    "main_image": "https://imgproxy-retcat.assets.schwarz/dfPGqTArv18lJZ86nUuXHdEMf2kX-46BCOfI8jrjfVE/sm:1/w:427/h:320/cz/M6Ly9wcm9kLWNhd/GFsb2ctbWVkaWEvc2kvMS8yN0NDNEY0OEZBNTU1NTkwMDg1MERERUQ/5MDc2MDIzQzM2M0I5MkUzNzA2MzNBNUM0ODJENkZFMTI1MUVFRjMxLmpwZw.jpg",
    "image_list": [
      "https://imgproxy-retcat.assets.schwarz/dfPGqTArv18lJZ86nUuXHdEMf2kX-46BCOfI8jrjfVE/sm:1/w:427/h:320/cz/M6Ly9wcm9kLWNhd/GFsb2ctbWVkaWEvc2kvMS8yN0NDNEY0OEZBNTU1NTkwMDg1MERERUQ/5MDc2MDIzQzM2M0I5MkUzNzA2MzNBNUM0ODJENkZFMTI1MUVFRjMxLmpwZw.jpg",
      "https://imgproxy-retcat.assets.schwarz/ezSr4RLZHp6ovGSwnRmb64J5F9gyYQSZzXVKBafPZ7I/sm:1/w:427/h:320/cz/M6Ly9wcm9kLWNhd/GFsb2ctbWVkaWEvc2kvMS84NTc3NTdCOEFEMUE4Q0ZGNzA0NzZERDN/COEY2OTlFRjU4RUE3MkNDNEEzQjA0QUM4RUJEMkZENkNCQzUwQUU1LmpwZw.jpg",
      "https://imgproxy-retcat.assets.schwarz/w5s_yArOaql4jmnk8pfDPbExhTSNrr59TcvjoGV6QFQ/sm:1/w:427/h:320/cz/M6Ly9wcm9kLWNhd/GFsb2ctbWVkaWEvc2kvMS82MEU2RjY1QTJCOTFEMUMwRUFDOEQ5NkU/5QjA4OTgwQ0IxNTQ4ODM2MkMxNzc3MDEzQzU2NjQxNzREQjlCNjUyLmpwZw.jpg"
    ],
    "image_accessibility": "Paket prehranskih dopolnil PowerBar: energijska ploščica, okrevalni napitek in dodatek z limoninim okusom.",
    "detailed_images": [
      {
        "url": "https://imgproxy-retcat.assets.schwarz/dfPGqTArv18lJZ86nUuXHdEMf2kX-46BCOfI8jrjfVE/sm:1/w:427/h:320/cz/M6Ly9wcm9kLWNhd/GFsb2ctbWVkaWEvc2kvMS8yN0NDNEY0OEZBNTU1NTkwMDg1MERERUQ/5MDc2MDIzQzM2M0I5MkUzNzA2MzNBNUM0ODJENkZFMTI1MUVFRjMxLmpwZw.jpg",
        "accessibility": "Paket prehranskih dopolnil PowerBar: energijska ploščica, okrevalni napitek in dodatek z limoninim okusom."
      },
      {
        "url": "https://imgproxy-retcat.assets.schwarz/ezSr4RLZHp6ovGSwnRmb64J5F9gyYQSZzXVKBafPZ7I/sm:1/w:427/h:320/cz/M6Ly9wcm9kLWNhd/GFsb2ctbWVkaWEvc2kvMS84NTc3NTdCOEFEMUE4Q0ZGNzA0NzZERDN/COEY2OTlFRjU4RUE3MkNDNEEzQjA0QUM4RUJEMkZENkNCQzUwQUU1LmpwZw.jpg",
        "accessibility": "Isotonic prašek za športnike z okusom limone."
      },
      {
        "url": "https://imgproxy-retcat.assets.schwarz/w5s_yArOaql4jmnk8pfDPbExhTSNrr59TcvjoGV6QFQ/sm:1/w:427/h:320/cz/M6Ly9wcm9kLWNhd/GFsb2ctbWVkaWEvc2kvMS82MEU2RjY1QTJCOTFEMUMwRUFDOEQ5NkU/5QjA4OTgwQ0IxNTQ4ODM2MkMxNzc3MDEzQzU2NjQxNzREQjlCNjUyLmpwZw.jpg",
        "accessibility": "Pouch of PharmaFreak Recovery Shake, beljakovinski napitek za okrevanje."
      }
    ],
    "analytics_category": "Food",
    "more_details": "Dodatne podrobnosti o izdelku",
    "won_category_primary": "Svetovi potreb/Hrana in bližnja hrana/Prigrizki in slaščice",
    "won_category_primary_path": "0/17/1721",
    "canonical_path": "/p/proteini-si-izbor-proteinskih-izdelkov/p10082497",
    "canonical_url": "/p/proteini-si-izbor-proteinskih-izdelkov/p10082497",
    "awards": [],
    "seals": [],
    "ribbons": [],
    "highlighted_seals": 0,
    "lidl_plus": [],
    "regions": [],
    "ians": [
      "7308883"
    ],
    "show_brand": true,
    "deal_of_day_active": false,
    "full_title_meta": "PROTEINI.SI Izbor proteinskih izdelkov",
    "lists": [
      4991
    ],
    "preview": false,
    "category_breadcrumbs": [
      {
        "id": "10068374",
        "name": "Hrana in pijača",
        "url": "/c/hrana-in-pijaca/s10068374",
        "hidden": false
      },
      {
        "id": "10071044",
        "name": "Prigrizki in sladkarije",
        "url": "/h/prigrizki-in-sladkarije/h10071044",
        "hidden": false
      }
    ],
    "campaigns": [
      {
        "id": "Current_Sales_Week",
        "name": "Ta teden",
        "url": null,
        "hidden": false
      },
      {
        "id": "10075258",
        "name": "Tvoja Lidl cena",
        "url": "/c/tvoja-lidl-cena/a10075258",
        "hidden": false
      }
    ],
    "world_of_needs_code": "1721",
    "world_of_needs_name": "Prigrizki in slaščice",
    "world_of_needs_parent": "17",
    "is_main_category": true,
    "super_categories": [
      {
        "code": "17",
        "name": "Hrana in bližnja hrana",
        "parent": "0"
      },
      {
        "code": "0",
        "name": "Svetovi potreb",
        "parent": ""
      }
    ],
    "position": 157,
    "tracking_payload": {
      "searchTrackingMasterId": "Product.10082497",
      "searchTrackingTitle": "Izbor+proteinskih+izdelkov",
      "searchTrackingPageSize": 100,
      "searchTrackingPage": 2,
      "searchTrackingEvent": "click",
      "list": "search",
      "searchTrackingId": "Product.10082497",
      "searchTrackingOrigPos": 1,
      "searchTrackingPos": 157,
      "searchTrackingOrigPageSize": 100,
      "searchTrackingChannel": "SI",
      "category": "Food"
    }
  },
  {
    "code": "10082499",
    "name": "Mešanica štirih vrst sira",
    "url": "",
    "result_class": "product",
    "type": "product",
    "product_id": 10082499,
    "erp_number": "10082499",
    "item_id": 10082499,
    "full_title": "MILBONA Mešanica štirih vrst sira",
    "title": "Mešanica štirih vrst sira",
    "category": "Food",
    "product_type": "RETAIL",
    "age_restriction": false,
    "is_used_product": false,
    "multipack": false,
    "online": false,
    "store": false,
    "quick_add_to_cart": false,
    "flash_sales": false,
    "having_videos": false,
    "having_threesixty": false,
    "price": 1.49,
    "old_price": 0.0,
    "currency_code": "EUR",
    "currency_symbol": "€",
    "has_star": true,
    "has_vat": false,
    "price_theme": "white_red",
    "variants_have_different_prices": false,
    "base_price_text": "1 kg = 7.45",
    "base_price_prefix": false,
    "packaging_text": "200 g",
    "discount_deleted_price": null,
    "discount_text": "ZGRABITE PRILOŽNOST!",
    "discount_percentage": null,
    "discount_has_star": false,
    "show_discount": false,
    "show_percentage": false,
    "from_recommended_price": false,
    "availability_indicator": 0,
    "online_available": false,
    "min_orderable_quantity": 1,
    "orderable_quantities": [],
    "badge_texts": [
      "V trgovini od 10.07. do 16.07."
    ],
    "badge_types": [
      "IN_STORE_FROM_FUTURE_DATE_RANGE"
    ],
    "main_image": "https://imgproxy-retcat.assets.schwarz/8YJSttHRArzg0SptJHUMX6cpEwRXJEJBNojZp4KIkAM/sm:1/w:427/h:320/cz/M6Ly9wcm9kLWNhd/GFsb2ctbWVkaWEvc2kvMS8wOTczMjUzNzhFNERCQjYwNzhCN0UzN0U/1MThGQ0QzQkMyN0RENzBBQ0RFMUY5QTA3RDEyNTYzOUY5MzNDM0UzLmpwZw.jpg",
    "image_list": [
      "https://imgproxy-retcat.assets.schwarz/8YJSttHRArzg0SptJHUMX6cpEwRXJEJBNojZp4KIkAM/sm:1/w:427/h:320/cz/M6Ly9wcm9kLWNhd/GFsb2ctbWVkaWEvc2kvMS8wOTczMjUzNzhFNERCQjYwNzhCN0UzN0U/1MThGQ0QzQkMyN0RENzBBQ0RFMUY5QTA3RDEyNTYzOUY5MzNDM0UzLmpwZw.jpg"
    ],
    "image_accessibility": "Paket naribanega sira My Cheese Mix.",
    "detailed_images": [
      {
        "url": "https://imgproxy-retcat.assets.schwarz/8YJSttHRArzg0SptJHUMX6cpEwRXJEJBNojZp4KIkAM/sm:1/w:427/h:320/cz/M6Ly9wcm9kLWNhd/GFsb2ctbWVkaWEvc2kvMS8wOTczMjUzNzhFNERCQjYwNzhCN0UzN0U/1MThGQ0QzQkMyN0RENzBBQ0RFMUY5QTA3RDEyNTYzOUY5MzNDM0UzLmpwZw.jpg",
        "accessibility": "Paket naribanega sira My Cheese Mix."
      }
    ],
    "analytics_category": "Food",
    "more_details": "Dodatne podrobnosti o izdelku",
    "won_category_primary": "Svetovi potreb/Hrana in bližnja hrana/Sir in mlečni izdelki (vključno z maslom in sirom)",
    "won_category_primary_path": "0/17/1718",
    "canonical_path": "/p/milbona-mesanica-stirih-vrst-sira/p10082499",
    "canonical_url": "/p/milbona-mesanica-stirih-vrst-sira/p10082499",
    "awards": [],
    "seals": [
      {
        "altText": "Nalepka: Hlajeno",
        "image": "https://imgproxy-retcat.assets.schwarz/7x3Iby7aD19hFySDnP2YoXt7E1r0JrvJVj0QO1gUOes/sm:1/w:140/cz/M6Ly9wcm9kLWNhd/GFsb2ctbWVkaWEvc2kvMi8xMzFBN0E2RDlCREZGREQxOEE2OTFDNEZ/FNDE5RTM0QUMxQjY4OEQ0OUY2QTAxMTRDRjQ1RjdCNTNDRjM2NUJBLnBuZw.png"
      }
    ],
    "ribbons": [],
    "highlighted_seals": 0,
    "lidl_plus": [],
    "regions": [],
    "ians": [
      "22759"
    ],
    "show_brand": true,
    "deal_of_day_active": false,
    "full_title_meta": "MILBONA Mešanica štirih vrst sira",
    "lists": [
      4991
    ],
    "preview": false,
    "category_breadcrumbs": [
      {
        "id": "10068374",
        "name": "Hrana in pijača",
        "url": "/c/hrana-in-pijaca/s10068374",
        "hidden": false
      },
      {
        "id": "10071017",
        "name": " Sir &  Mlečni izdelki",
        "url": "/h/sir-mlecni-izdelki/h10071017",
        "hidden": false
      }
    ],
    "campaigns": [
      {
        "id": "Current_Sales_Week",
        "name": "Ta teden",
        "url": null,
        "hidden": false
      },
      {
        "id": "10075258",
        "name": "Tvoja Lidl cena",
        "url": "/c/tvoja-lidl-cena/a10075258",
        "hidden": false
      }
    ],
    "world_of_needs_code": "1718",
    "world_of_needs_name": "Sir in mlečni izdelki (vključno z maslom in sirom)",
    "world_of_needs_parent": "17",
    "is_main_category": true,
    "super_categories": [
      {
        "code": "17",
        "name": "Hrana in bližnja hrana",
        "parent": "0"
      },
      {
        "code": "0",
        "name": "Svetovi potreb",
        "parent": ""
      }
    ],
    "position": 158,
    "tracking_payload": {
      "searchTrackingMasterId": "Product.10082499",
      "searchTrackingTitle": "Me%C5%A1anica+%C5%A1tirih+vrst+sira",
      "searchTrackingPageSize": 100,
      "searchTrackingPage": 2,
      "searchTrackingEvent": "click",
      "list": "search",
      "searchTrackingId": "Product.10082499",
      "searchTrackingOrigPos": 1,
      "searchTrackingPos": 158,
      "searchTrackingOrigPageSize": 100,
      "searchTrackingChannel": "SI",
      "category": "Food"
    }
  },
  {
    "code": "10082501",
    "name": "Poli narezek",
    "url": "",
    "result_class": "product",
    "type": "product",
    "product_id": 10082501,
    "erp_number": "10082501",
    "item_id": 10082501,
    "full_title": "POLI Poli narezek",
    "title": "Poli narezek",
    "category": "Food",
    "product_type": "RETAIL",
    "age_restriction": false,
    "is_used_product": false,
    "multipack": false,
    "online": false,
    "store": false,
    "quick_add_to_cart": false,
    "flash_sales": false,
    "having_videos": false,
    "having_threesixty": false,
    "price": 2.99,
    "old_price": 0.0,
    "currency_code": "EUR",
    "currency_symbol": "€",
    "has_star": true,
    "has_vat": false,
    "price_theme": "white_red",
    "variants_have_different_prices": false,
    "base_price_text": "1 kg = 11.96",
    "base_price_prefix": false,
    "packaging_text": "250 g",
    "discount_deleted_price": null,
    "discount_text": "ZGRABITE PRILOŽNOST!",
    "discount_percentage": null,
    "discount_has_star": false,
    "show_discount": false,
    "show_percentage": false,
    "from_recommended_price": false,
    "availability_indicator": 0,
    "online_available": false,
    "min_orderable_quantity": 1,
    "orderable_quantities": [],
    "badge_texts": [
      "V trgovini od 10.07. do 16.07."
    ],
    "badge_types": [
      "IN_STORE_FROM_FUTURE_DATE_RANGE"
    ],
    "main_image": "https://imgproxy-retcat.assets.schwarz/vwQGB98ctAoiYmP4Kt0Q6YkCRfjH_-qLMNWVWeIDwZQ/sm:1/w:427/h:320/cz/M6Ly9wcm9kLWNhd/GFsb2ctbWVkaWEvc2kvMS9DNzUzNjQyNkE5MDM4MTU2RjU1QTJBRTl/GRTZENTE2Q0NFNURFRDkxQUI3MjI4QjgxODc5NEM5NEVEMUI4NEQ5LmpwZw.jpg",
    "image_list": [
      "https://imgproxy-retcat.assets.schwarz/vwQGB98ctAoiYmP4Kt0Q6YkCRfjH_-qLMNWVWeIDwZQ/sm:1/w:427/h:320/cz/M6Ly9wcm9kLWNhd/GFsb2ctbWVkaWEvc2kvMS9DNzUzNjQyNkE5MDM4MTU2RjU1QTJBRTl/GRTZENTE2Q0NFNURFRDkxQUI3MjI4QjgxODc5NEM5NEVEMUI4NEQ5LmpwZw.jpg"
    ],
    "image_accessibility": "Pakiranje Poli šunke v mega pakiranju.",
    "detailed_images": [
      {
        "url": "https://imgproxy-retcat.assets.schwarz/vwQGB98ctAoiYmP4Kt0Q6YkCRfjH_-qLMNWVWeIDwZQ/sm:1/w:427/h:320/cz/M6Ly9wcm9kLWNhd/GFsb2ctbWVkaWEvc2kvMS9DNzUzNjQyNkE5MDM4MTU2RjU1QTJBRTl/GRTZENTE2Q0NFNURFRDkxQUI3MjI4QjgxODc5NEM5NEVEMUI4NEQ5LmpwZw.jpg",
        "accessibility": "Pakiranje Poli šunke v mega pakiranju."
      }
    ],
    "analytics_category": "Food",
    "more_details": "Dodatne podrobnosti o izdelku",
    "won_category_primary": "Svetovi potreb/Hrana in bližnja hrana/Prigrizki in slaščice",
    "won_category_primary_path": "0/17/1721",
    "canonical_path": "/p/poli-poli-narezek/p10082501",
    "canonical_url": "/p/poli-poli-narezek/p10082501",
    "awards": [],
    "seals": [
      {
        "altText": "Slovenski izdelek",
        "image": "https://imgproxy-retcat.assets.schwarz/065GlWscfuyzRNlqdEjgEaZNE6893872XSglFaanlJA/sm:1/w:140/cz/M6Ly9wcm9kLWNhd/GFsb2ctbWVkaWEvc2kvMi83RTk4NkYyRDk1MTlDRUJBNzA1N0JGMzA/1QjA1NjUyRjVCMjMzNzZGRjY4MzVEREFGQzIwQzE5NDVFQUE5M0RCLnBuZw.png"
      },
      {
        "altText": "Nalepka: Hlajeno",
        "image": "https://imgproxy-retcat.assets.schwarz/7x3Iby7aD19hFySDnP2YoXt7E1r0JrvJVj0QO1gUOes/sm:1/w:140/cz/M6Ly9wcm9kLWNhd/GFsb2ctbWVkaWEvc2kvMi8xMzFBN0E2RDlCREZGREQxOEE2OTFDNEZ/FNDE5RTM0QUMxQjY4OEQ0OUY2QTAxMTRDRjQ1RjdCNTNDRjM2NUJBLnBuZw.png"
      }
    ],
    "ribbons": [],
    "highlighted_seals": 0,
    "lidl_plus": [],
    "regions": [],
    "ians": [
      "7304414"
    ],
    "show_brand": true,
    "deal_of_day_active": false,
    "full_title_meta": "POLI Poli narezek",
    "lists": [
      4991
    ],
    "preview": false,
    "category_breadcrumbs": [
      {
        "id": "10068374",
        "name": "Hrana in pijača",
        "url": "/c/hrana-in-pijaca/s10068374",
        "hidden": false
      },
      {
        "id": "10071044",
        "name": "Prigrizki in sladkarije",
        "url": "/h/prigrizki-in-sladkarije/h10071044",
        "hidden": false
      }
    ],
    "campaigns": [
      {
        "id": "Current_Sales_Week",
        "name": "Ta teden",
        "url": null,
        "hidden": false
      },
      {
        "id": "10075258",
        "name": "Tvoja Lidl cena",
        "url": "/c/tvoja-lidl-cena/a10075258",
        "hidden": false
      }
    ],
    "world_of_needs_code": "1721",
    "world_of_needs_name": "Prigrizki in slaščice",
    "world_of_needs_parent": "17",
    "is_main_category": true,
    "super_categories": [
      {
        "code": "17",
        "name": "Hrana in bližnja hrana",
        "parent": "0"
      },
      {
        "code": "0",
        "name": "Svetovi potreb",
        "parent": ""
      }
    ],
    "position": 159,
    "tracking_payload": {
      "searchTrackingMasterId": "Product.10082501",
      "searchTrackingTitle": "Poli+narezek",
      "searchTrackingPageSize": 100,
      "searchTrackingPage": 2,
      "searchTrackingEvent": "click",
      "list": "search",
      "searchTrackingId": "Product.10082501",
      "searchTrackingOrigPos": 1,
      "searchTrackingPos": 159,
      "searchTrackingOrigPageSize": 100,
      "searchTrackingChannel": "SI",
      "category": "Food"
    }
  },
  {
    "code": "10082503",
    "name": "Classic gazirana mineralna voda",
    "url": "",
    "result_class": "product",
    "type": "product",
    "product_id": 10082503,
    "erp_number": "10082503",
    "item_id": 10082503,
    "full_title": "RADENSKA Classic gazirana mineralna voda",
    "title": "Classic gazirana mineralna voda",
    "category": "Food",
    "product_type": "RETAIL",
    "age_restriction": false,
    "is_used_product": false,
    "multipack": false,
    "online": false,
    "store": false,
    "quick_add_to_cart": false,
    "flash_sales": false,
    "having_videos": false,
    "having_threesixty": false,
    "price": 0.75,
    "old_price": 0.0,
    "currency_code": "EUR",
    "currency_symbol": "€",
    "has_star": true,
    "has_vat": false,
    "price_theme": "white_red",
    "variants_have_different_prices": false,
    "base_price_text": "1 l = 1.00",
    "base_price_prefix": false,
    "packaging_text": "0,75 l",
    "discount_deleted_price": null,
    "discount_text": "ZGRABITE PRILOŽNOST!",
    "discount_percentage": null,
    "discount_has_star": false,
    "show_discount": false,
    "show_percentage": false,
    "from_recommended_price": false,
    "availability_indicator": 0,
    "online_available": false,
    "min_orderable_quantity": 1,
    "orderable_quantities": [],
    "badge_texts": [
      "V trgovini od 10.07. do 16.07."
    ],
    "badge_types": [
      "IN_STORE_FROM_FUTURE_DATE_RANGE"
    ],
    "main_image": "https://imgproxy-retcat.assets.schwarz/oY5-2rgZRf4nWS8mDzF0urDqwo4EMJYO9UA-MAFmpIA/sm:1/w:427/h:320/cz/M6Ly9wcm9kLWNhd/GFsb2ctbWVkaWEvc2kvMS83NTQ4MzNDRjFFOUQxQjg5QzM3Q0Q5NUJ/FNzdGRTNBRUMwRDZFNkJCMTIwNTBFQzVBNjdFQjBFRTU3NkZFNTExLmpwZw.jpg",
    "image_list": [
      "https://imgproxy-retcat.assets.schwarz/oY5-2rgZRf4nWS8mDzF0urDqwo4EMJYO9UA-MAFmpIA/sm:1/w:427/h:320/cz/M6Ly9wcm9kLWNhd/GFsb2ctbWVkaWEvc2kvMS83NTQ4MzNDRjFFOUQxQjg5QzM3Q0Q5NUJ/FNzdGRTNBRUMwRDZFNkJCMTIwNTBFQzVBNjdFQjBFRTU3NkZFNTExLmpwZw.jpg"
    ],
    "image_accessibility": "Steklenica Radenska mineralne vode.",
    "detailed_images": [
      {
        "url": "https://imgproxy-retcat.assets.schwarz/oY5-2rgZRf4nWS8mDzF0urDqwo4EMJYO9UA-MAFmpIA/sm:1/w:427/h:320/cz/M6Ly9wcm9kLWNhd/GFsb2ctbWVkaWEvc2kvMS83NTQ4MzNDRjFFOUQxQjg5QzM3Q0Q5NUJ/FNzdGRTNBRUMwRDZFNkJCMTIwNTBFQzVBNjdFQjBFRTU3NkZFNTExLmpwZw.jpg",
        "accessibility": "Steklenica Radenska mineralne vode."
      }
    ],
    "analytics_category": "Food",
    "more_details": "Dodatne podrobnosti o izdelku",
    "won_category_primary": "Svetovi potreb/Hrana in bližnja hrana/Pijače",
    "won_category_primary_path": "0/17/1720",
    "canonical_path": "/p/radenska-classic-gazirana-mineralna-voda/p10082503",
    "canonical_url": "/p/radenska-classic-gazirana-mineralna-voda/p10082503",
    "awards": [],
    "seals": [
      {
        "altText": "Slovenski izdelek",
        "image": "https://imgproxy-retcat.assets.schwarz/065GlWscfuyzRNlqdEjgEaZNE6893872XSglFaanlJA/sm:1/w:140/cz/M6Ly9wcm9kLWNhd/GFsb2ctbWVkaWEvc2kvMi83RTk4NkYyRDk1MTlDRUJBNzA1N0JGMzA/1QjA1NjUyRjVCMjMzNzZGRjY4MzVEREFGQzIwQzE5NDVFQUE5M0RCLnBuZw.png"
      }
    ],
    "ribbons": [],
    "highlighted_seals": 0,
    "lidl_plus": [],
    "regions": [],
    "ians": [
      "7305834"
    ],
    "show_brand": true,
    "deal_of_day_active": false,
    "full_title_meta": "RADENSKA Classic gazirana mineralna voda",
    "lists": [
      4991
    ],
    "preview": false,
    "category_breadcrumbs": [
      {
        "id": "10068374",
        "name": "Hrana in pijača",
        "url": "/c/hrana-in-pijaca/s10068374",
        "hidden": false
      },
      {
        "id": "10071022",
        "name": "Pijače",
        "url": "/h/pijace/h10071022",
        "hidden": false
      }
    ],
    "campaigns": [
      {
        "id": "Current_Sales_Week",
        "name": "Ta teden",
        "url": null,
        "hidden": false
      },
      {
        "id": "10075258",
        "name": "Tvoja Lidl cena",
        "url": "/c/tvoja-lidl-cena/a10075258",
        "hidden": false
      }
    ],
    "world_of_needs_code": "1720",
    "world_of_needs_name": "Pijače",
    "world_of_needs_parent": "17",
    "is_main_category": true,
    "super_categories": [
      {
        "code": "17",
        "name": "Hrana in bližnja hrana",
        "parent": "0"
      },
      {
        "code": "0",
        "name": "Svetovi potreb",
        "parent": ""
      }
    ],
    "position": 160,
    "tracking_payload": {
      "searchTrackingMasterId": "Product.10082503",
      "searchTrackingTitle": "Classic+gazirana+mineralna+voda",
      "searchTrackingPageSize": 100,
      "searchTrackingPage": 2,
      "searchTrackingEvent": "click",
      "list": "search",
      "searchTrackingId": "Product.10082503",
      "searchTrackingOrigPos": 1,
      "searchTrackingPos": 160,
      "searchTrackingOrigPageSize": 100,
      "searchTrackingChannel": "SI",
      "category": "Food"
    }
  },
  {
    "code": "10082505",
    "name": "Madžarica s pistacijo",
    "url": "",
    "result_class": "product",
    "type": "product",
    "product_id": 10082505,
    "erp_number": "10082505",
    "item_id": 10082505,
    "full_title": "STARI ROGLJIČEK Madžarica s pistacijo",
    "title": "Madžarica s pistacijo",
    "category": "Food",
    "product_type": "RETAIL",
    "age_restriction": false,
    "is_used_product": false,
    "multipack": false,
    "online": false,
    "store": false,
    "quick_add_to_cart": false,
    "flash_sales": false,
    "having_videos": false,
    "having_threesixty": false,
    "price": 5.49,
    "old_price": 0.0,
    "currency_code": "EUR",
    "currency_symbol": "€",
    "has_star": true,
    "has_vat": false,
    "price_theme": "white_red",
    "variants_have_different_prices": false,
    "base_price_text": "1 kg = 10.98",
    "base_price_prefix": false,
    "packaging_text": "500 g",
    "discount_deleted_price": null,
    "discount_text": "ZGRABITE PRILOŽNOST!",
    "discount_percentage": null,
    "discount_has_star": false,
    "show_discount": false,
    "show_percentage": false,
    "from_recommended_price": false,
    "availability_indicator": 0,
    "online_available": false,
    "min_orderable_quantity": 1,
    "orderable_quantities": [],
    "badge_texts": [
      "V trgovini od 10.07. do 16.07."
    ],
    "badge_types": [
      "IN_STORE_FROM_FUTURE_DATE_RANGE"
    ],
    "main_image": "https://imgproxy-retcat.assets.schwarz/uEpLmn_w47zsHqJElDjuSe_-UIQA1ScXhqCrgtUZtIc/sm:1/w:427/h:320/cz/M6Ly9wcm9kLWNhd/GFsb2ctbWVkaWEvc2kvMS82OTY3OUM3OUYxMjI2M0RCNTAxNEJBMUI/2RTA2MUFDQ0RDNTEzN0VGOENDNzBEMDA3OTFBMzI2NjQ1NDA2MDlGLmpwZw.jpg",
    "image_list": [
      "https://imgproxy-retcat.assets.schwarz/uEpLmn_w47zsHqJElDjuSe_-UIQA1ScXhqCrgtUZtIc/sm:1/w:427/h:320/cz/M6Ly9wcm9kLWNhd/GFsb2ctbWVkaWEvc2kvMS82OTY3OUM3OUYxMjI2M0RCNTAxNEJBMUI/2RTA2MUFDQ0RDNTEzN0VGOENDNzBEMDA3OTFBMzI2NjQ1NDA2MDlGLmpwZw.jpg",
      "https://imgproxy-retcat.assets.schwarz/2C661lvUmnIXmRZz3-Xyud5D2d2HUrCgJgNzvIbIOQc/sm:1/w:427/h:320/cz/M6Ly9wcm9kLWNhd/GFsb2ctbWVkaWEvc2kvMS8yQkMyNTMyQTdGMzQ4Q0Q5MTdEMzYzMkE/4QUZGRjZCNUREOTgzN0I0MTk1RkFCNDZDMzNCMDFGQzQ2RTVENEY3LmpwZw.jpg",
      "https://imgproxy-retcat.assets.schwarz/wv_14-4i2gQeJR8s1bfxoA0e27FT3Osw0DYVROlEno0/sm:1/w:427/h:320/cz/M6Ly9wcm9kLWNhd/GFsb2ctbWVkaWEvc2kvMS8zMjk2NzRFQ0NFNTNCRDdCNkE1QzU4RDl/BMDlFOERGOEJCRUY5RTE2Q0Q2NUI1NjJDQ0I5M0Q4RjE4NTlFNzc5LmpwZw.jpg"
    ],
    "image_accessibility": "Kozarec in škatla s koščki belega sira.",
    "detailed_images": [
      {
        "url": "https://imgproxy-retcat.assets.schwarz/uEpLmn_w47zsHqJElDjuSe_-UIQA1ScXhqCrgtUZtIc/sm:1/w:427/h:320/cz/M6Ly9wcm9kLWNhd/GFsb2ctbWVkaWEvc2kvMS82OTY3OUM3OUYxMjI2M0RCNTAxNEJBMUI/2RTA2MUFDQ0RDNTEzN0VGOENDNzBEMDA3OTFBMzI2NjQ1NDA2MDlGLmpwZw.jpg",
        "accessibility": "Kozarec in škatla s koščki belega sira."
      },
      {
        "url": "https://imgproxy-retcat.assets.schwarz/2C661lvUmnIXmRZz3-Xyud5D2d2HUrCgJgNzvIbIOQc/sm:1/w:427/h:320/cz/M6Ly9wcm9kLWNhd/GFsb2ctbWVkaWEvc2kvMS8yQkMyNTMyQTdGMzQ4Q0Q5MTdEMzYzMkE/4QUZGRjZCNUREOTgzN0I0MTk1RkFCNDZDMzNCMDFGQzQ2RTVENEY3LmpwZw.jpg",
        "accessibility": "Pakiranje pistacijeve mađarice, narezano na kocke."
      },
      {
        "url": "https://imgproxy-retcat.assets.schwarz/wv_14-4i2gQeJR8s1bfxoA0e27FT3Osw0DYVROlEno0/sm:1/w:427/h:320/cz/M6Ly9wcm9kLWNhd/GFsb2ctbWVkaWEvc2kvMS8zMjk2NzRFQ0NFNTNCRDdCNkE1QzU4RDl/BMDlFOERGOEJCRUY5RTE2Q0Q2NUI1NjJDQ0I5M0Q4RjE4NTlFNzc5LmpwZw.jpg",
        "accessibility": "Na svetlo zelenem krožniku je osem kosov belega sira."
      }
    ],
    "analytics_category": "Food",
    "more_details": "Dodatne podrobnosti o izdelku",
    "won_category_primary": "Svetovi potreb/Hrana in bližnja hrana/Prigrizki in slaščice",
    "won_category_primary_path": "0/17/1721",
    "canonical_path": "/p/stari-rogljicek-madzarica-s-pistacijo/p10082505",
    "canonical_url": "/p/stari-rogljicek-madzarica-s-pistacijo/p10082505",
    "awards": [],
    "seals": [
      {
        "altText": "Slovenski izdelek",
        "image": "https://imgproxy-retcat.assets.schwarz/065GlWscfuyzRNlqdEjgEaZNE6893872XSglFaanlJA/sm:1/w:140/cz/M6Ly9wcm9kLWNhd/GFsb2ctbWVkaWEvc2kvMi83RTk4NkYyRDk1MTlDRUJBNzA1N0JGMzA/1QjA1NjUyRjVCMjMzNzZGRjY4MzVEREFGQzIwQzE5NDVFQUE5M0RCLnBuZw.png"
      },
      {
        "altText": "Nalepka: Hlajeno",
        "image": "https://imgproxy-retcat.assets.schwarz/7x3Iby7aD19hFySDnP2YoXt7E1r0JrvJVj0QO1gUOes/sm:1/w:140/cz/M6Ly9wcm9kLWNhd/GFsb2ctbWVkaWEvc2kvMi8xMzFBN0E2RDlCREZGREQxOEE2OTFDNEZ/FNDE5RTM0QUMxQjY4OEQ0OUY2QTAxMTRDRjQ1RjdCNTNDRjM2NUJBLnBuZw.png"
      }
    ],
    "ribbons": [],
    "highlighted_seals": 0,
    "lidl_plus": [],
    "regions": [],
    "ians": [
      "7308619"
    ],
    "show_brand": true,
    "deal_of_day_active": false,
    "full_title_meta": "STARI ROGLJIČEK Madžarica s pistacijo",
    "lists": [
      4991
    ],
    "preview": false,
    "category_breadcrumbs": [
      {
        "id": "10068374",
        "name": "Hrana in pijača",
        "url": "/c/hrana-in-pijaca/s10068374",
        "hidden": false
      },
      {
        "id": "10071044",
        "name": "Prigrizki in sladkarije",
        "url": "/h/prigrizki-in-sladkarije/h10071044",
        "hidden": false
      }
    ],
    "campaigns": [
      {
        "id": "Current_Sales_Week",
        "name": "Ta teden",
        "url": null,
        "hidden": false
      },
      {
        "id": "10075258",
        "name": "Tvoja Lidl cena",
        "url": "/c/tvoja-lidl-cena/a10075258",
        "hidden": false
      }
    ],
    "world_of_needs_code": "1721",
    "world_of_needs_name": "Prigrizki in slaščice",
    "world_of_needs_parent": "17",
    "is_main_category": true,
    "super_categories": [
      {
        "code": "17",
        "name": "Hrana in bližnja hrana",
        "parent": "0"
      },
      {
        "code": "0",
        "name": "Svetovi potreb",
        "parent": ""
      }
    ],
    "position": 161,
    "tracking_payload": {
      "searchTrackingMasterId": "Product.10082505",
      "searchTrackingTitle": "Mad%C5%BEarica+s+pistacijo",
      "searchTrackingPageSize": 100,
      "searchTrackingPage": 2,
      "searchTrackingEvent": "click",
      "list": "search",
      "searchTrackingId": "Product.10082505",
      "searchTrackingOrigPos": 1,
      "searchTrackingPos": 161,
      "searchTrackingOrigPageSize": 100,
      "searchTrackingChannel": "SI",
      "category": "Food"
    }
  },
  {
    "code": "10082509",
    "name": "Kmečka salama",
    "url": "",
    "result_class": "product",
    "type": "product",
    "product_id": 10082509,
    "erp_number": "10082509",
    "item_id": 10082509,
    "full_title": "ZLATA DOLINA Kmečka salama",
    "title": "Kmečka salama",
    "category": "Food",
    "product_type": "RETAIL",
    "age_restriction": false,
    "is_used_product": false,
    "multipack": false,
    "online": false,
    "store": false,
    "quick_add_to_cart": false,
    "flash_sales": false,
    "having_videos": false,
    "having_threesixty": false,
    "price": 3.99,
    "old_price": 0.0,
    "currency_code": "EUR",
    "currency_symbol": "€",
    "has_star": true,
    "has_vat": false,
    "price_theme": "white_red",
    "variants_have_different_prices": false,
    "base_price_text": "1 kg = 9.98",
    "base_price_prefix": false,
    "packaging_text": "400 g",
    "discount_deleted_price": null,
    "discount_text": "ZGRABITE PRILOŽNOST!",
    "discount_percentage": null,
    "discount_has_star": false,
    "show_discount": false,
    "show_percentage": false,
    "from_recommended_price": false,
    "availability_indicator": 0,
    "online_available": false,
    "min_orderable_quantity": 1,
    "orderable_quantities": [],
    "badge_texts": [
      "V trgovini od 10.07. do 16.07."
    ],
    "badge_types": [
      "IN_STORE_FROM_FUTURE_DATE_RANGE"
    ],
    "main_image": "https://imgproxy-retcat.assets.schwarz/drGyyr1WIyQD5Lss9--ZGJ_TwN9GUMRoKBBVZICACpc/sm:1/w:427/h:320/cz/M6Ly9wcm9kLWNhd/GFsb2ctbWVkaWEvc2kvMS9BNjhDNUYzM0I3RDBEM0YxODExNjQxOEY/zRDc5NzZCQ0RDM0NFOEFERURERTYzMEUwNTUyQkFGMzVDRTIzMUEyLmpwZw.jpg",
    "image_list": [
      "https://imgproxy-retcat.assets.schwarz/drGyyr1WIyQD5Lss9--ZGJ_TwN9GUMRoKBBVZICACpc/sm:1/w:427/h:320/cz/M6Ly9wcm9kLWNhd/GFsb2ctbWVkaWEvc2kvMS9BNjhDNUYzM0I3RDBEM0YxODExNjQxOEY/zRDc5NzZCQ0RDM0NFOEFERURERTYzMEUwNTUyQkFGMzVDRTIzMUEyLmpwZw.jpg",
      "https://imgproxy-retcat.assets.schwarz/aPQsLWcGUZ8WfZAR4YHePsfGpnYEXnUuuYBvihBpgPk/sm:1/w:427/h:320/cz/M6Ly9wcm9kLWNhd/GFsb2ctbWVkaWEvc2kvMS9FNDdBNjBBOEFGRUY2NzZEMjJEQzAzMjN/CN0Y0Qzc4NjA0MzM2QjI1MUM2NzFGRjlGRUI4OTk0ODczNTNERjI4LmpwZw.jpg",
      "https://imgproxy-retcat.assets.schwarz/ARqLr-SLgmHciufrmUPGWP9lLNx7a8dLoK6OeT7qXZI/sm:1/w:427/h:320/cz/M6Ly9wcm9kLWNhd/GFsb2ctbWVkaWEvc2kvMS82RUIwMkM3M0M2NjdBMjU3MzJEQjZEMDU/4QzI4QzRGNjQ2MDIwNTFFN0YwMDdERkVBOUYzMzkyOTk2RjAwQkRGLmpwZw.jpg"
    ],
    "image_accessibility": "Suha klobasa, narezana na rezine, na leseni deski.",
    "detailed_images": [
      {
        "url": "https://imgproxy-retcat.assets.schwarz/drGyyr1WIyQD5Lss9--ZGJ_TwN9GUMRoKBBVZICACpc/sm:1/w:427/h:320/cz/M6Ly9wcm9kLWNhd/GFsb2ctbWVkaWEvc2kvMS9BNjhDNUYzM0I3RDBEM0YxODExNjQxOEY/zRDc5NzZCQ0RDM0NFOEFERURERTYzMEUwNTUyQkFGMzVDRTIzMUEyLmpwZw.jpg",
        "accessibility": "Suha klobasa, narezana na rezine, na leseni deski."
      },
      {
        "url": "https://imgproxy-retcat.assets.schwarz/aPQsLWcGUZ8WfZAR4YHePsfGpnYEXnUuuYBvihBpgPk/sm:1/w:427/h:320/cz/M6Ly9wcm9kLWNhd/GFsb2ctbWVkaWEvc2kvMS9FNDdBNjBBOEFGRUY2NzZEMjJEQzAzMjN/CN0Y0Qzc4NjA0MzM2QjI1MUM2NzFGRjlGRUI4OTk0ODczNTNERjI4LmpwZw.jpg",
        "accessibility": "Pakirana suha klobasa."
      },
      {
        "url": "https://imgproxy-retcat.assets.schwarz/ARqLr-SLgmHciufrmUPGWP9lLNx7a8dLoK6OeT7qXZI/sm:1/w:427/h:320/cz/M6Ly9wcm9kLWNhd/GFsb2ctbWVkaWEvc2kvMS82RUIwMkM3M0M2NjdBMjU3MzJEQjZEMDU/4QzI4QzRGNjQ2MDIwNTFFN0YwMDdERkVBOUYzMzkyOTk2RjAwQkRGLmpwZw.jpg",
        "accessibility": "Suha klobasa, narezana na leseni deski."
      }
    ],
    "analytics_category": "Food",
    "more_details": "Dodatne podrobnosti o izdelku",
    "won_category_primary": "Svetovi potreb/Hrana in bližnja hrana/Klobase in meso",
    "won_category_primary_path": "0/17/1717",
    "canonical_path": "/p/zlata-dolina-kmecka-salama/p10082509",
    "canonical_url": "/p/zlata-dolina-kmecka-salama/p10082509",
    "awards": [],
    "seals": [
      {
        "altText": "Slovenski izdelek",
        "image": "https://imgproxy-retcat.assets.schwarz/065GlWscfuyzRNlqdEjgEaZNE6893872XSglFaanlJA/sm:1/w:140/cz/M6Ly9wcm9kLWNhd/GFsb2ctbWVkaWEvc2kvMi83RTk4NkYyRDk1MTlDRUJBNzA1N0JGMzA/1QjA1NjUyRjVCMjMzNzZGRjY4MzVEREFGQzIwQzE5NDVFQUE5M0RCLnBuZw.png"
      }
    ],
    "ribbons": [],
    "highlighted_seals": 0,
    "lidl_plus": [],
    "regions": [],
    "ians": [
      "7306652"
    ],
    "show_brand": true,
    "deal_of_day_active": false,
    "full_title_meta": "ZLATA DOLINA Kmečka salama",
    "lists": [
      4991
    ],
    "preview": false,
    "category_breadcrumbs": [
      {
        "id": "10068374",
        "name": "Hrana in pijača",
        "url": "/c/hrana-in-pijaca/s10068374",
        "hidden": false
      },
      {
        "id": "10071016",
        "name": "Meso in mesni izdelki",
        "url": "/h/meso-in-mesni-izdelki/h10071016",
        "hidden": false
      }
    ],
    "campaigns": [
      {
        "id": "Current_Sales_Week",
        "name": "Ta teden",
        "url": null,
        "hidden": false
      },
      {
        "id": "10075258",
        "name": "Tvoja Lidl cena",
        "url": "/c/tvoja-lidl-cena/a10075258",
        "hidden": false
      }
    ],
    "world_of_needs_code": "1717",
    "world_of_needs_name": "Klobase in meso",
    "world_of_needs_parent": "17",
    "is_main_category": true,
    "super_categories": [
      {
        "code": "17",
        "name": "Hrana in bližnja hrana",
        "parent": "0"
      },
      {
        "code": "0",
        "name": "Svetovi potreb",
        "parent": ""
      }
    ],
    "position": 162,
    "tracking_payload": {
      "searchTrackingMasterId": "Product.10082509",
      "searchTrackingTitle": "Kme%C4%8Dka+salama",
      "searchTrackingPageSize": 100,
      "searchTrackingPage": 2,
      "searchTrackingEvent": "click",
      "list": "search",
      "searchTrackingId": "Product.10082509",
      "searchTrackingOrigPos": 1,
      "searchTrackingPos": 162,
      "searchTrackingOrigPageSize": 100,
      "searchTrackingChannel": "SI",
      "category": "Food"
    }
  },
  {
    "code": "10082511",
    "name": "Piščančja klobasa",
    "url": "",
    "result_class": "product",
    "type": "product",
    "product_id": 10082511,
    "erp_number": "10082511",
    "item_id": 10082511,
    "full_title": "PIVKA Piščančja klobasa",
    "title": "Piščančja klobasa",
    "category": "Food",
    "product_type": "RETAIL",
    "age_restriction": false,
    "is_used_product": false,
    "multipack": false,
    "online": false,
    "store": false,
    "quick_add_to_cart": false,
    "flash_sales": false,
    "having_videos": false,
    "having_threesixty": false,
    "price": 0.99,
    "old_price": 0.0,
    "currency_code": "EUR",
    "currency_symbol": "€",
    "has_star": true,
    "has_vat": false,
    "price_theme": "white_red",
    "variants_have_different_prices": false,
    "base_price_text": "1 kg = 2.48",
    "base_price_prefix": false,
    "packaging_text": "400 g",
    "discount_deleted_price": null,
    "discount_text": "ZGRABITE PRILOŽNOST!",
    "discount_percentage": null,
    "discount_has_star": false,
    "show_discount": false,
    "show_percentage": false,
    "from_recommended_price": false,
    "availability_indicator": 0,
    "online_available": false,
    "min_orderable_quantity": 1,
    "orderable_quantities": [],
    "badge_texts": [
      "V trgovini od 10.07. do 16.07."
    ],
    "badge_types": [
      "IN_STORE_FROM_FUTURE_DATE_RANGE"
    ],
    "main_image": "https://imgproxy-retcat.assets.schwarz/iMzBMSyrpo-FB34Sd92gKMGCAnV7NAhPTIoR61ftc3E/sm:1/w:427/h:320/cz/M6Ly9wcm9kLWNhd/GFsb2ctbWVkaWEvc2kvMS82OTM2MkQ1OTNDMDE4NTlBRjNBRTcwOEV/DQzMwRDM2N0Y4OTY2MjE3MjE3NDM3MjgzMkUzQUE3NjNBRUE1NUZBLmpwZw.jpg",
    "image_list": [
      "https://imgproxy-retcat.assets.schwarz/iMzBMSyrpo-FB34Sd92gKMGCAnV7NAhPTIoR61ftc3E/sm:1/w:427/h:320/cz/M6Ly9wcm9kLWNhd/GFsb2ctbWVkaWEvc2kvMS82OTM2MkQ1OTNDMDE4NTlBRjNBRTcwOEV/DQzMwRDM2N0Y4OTY2MjE3MjE3NDM3MjgzMkUzQUE3NjNBRUE1NUZBLmpwZw.jpg"
    ],
    "image_accessibility": "Klobase in narezek na leseni deski.",
    "detailed_images": [
      {
        "url": "https://imgproxy-retcat.assets.schwarz/iMzBMSyrpo-FB34Sd92gKMGCAnV7NAhPTIoR61ftc3E/sm:1/w:427/h:320/cz/M6Ly9wcm9kLWNhd/GFsb2ctbWVkaWEvc2kvMS82OTM2MkQ1OTNDMDE4NTlBRjNBRTcwOEV/DQzMwRDM2N0Y4OTY2MjE3MjE3NDM3MjgzMkUzQUE3NjNBRUE1NUZBLmpwZw.jpg",
        "accessibility": "Klobase in narezek na leseni deski."
      }
    ],
    "analytics_category": "Food",
    "more_details": "Dodatne podrobnosti o izdelku",
    "won_category_primary": "Svetovi potreb/Hrana in bližnja hrana/Klobase in meso",
    "won_category_primary_path": "0/17/1717",
    "canonical_path": "/p/pivka-piscancja-klobasa/p10082511",
    "canonical_url": "/p/pivka-piscancja-klobasa/p10082511",
    "awards": [],
    "seals": [
      {
        "altText": "Nalepka: Hlajeno",
        "image": "https://imgproxy-retcat.assets.schwarz/7x3Iby7aD19hFySDnP2YoXt7E1r0JrvJVj0QO1gUOes/sm:1/w:140/cz/M6Ly9wcm9kLWNhd/GFsb2ctbWVkaWEvc2kvMi8xMzFBN0E2RDlCREZGREQxOEE2OTFDNEZ/FNDE5RTM0QUMxQjY4OEQ0OUY2QTAxMTRDRjQ1RjdCNTNDRjM2NUJBLnBuZw.png"
      }
    ],
    "ribbons": [],
    "highlighted_seals": 0,
    "lidl_plus": [],
    "regions": [],
    "ians": [
      "7308771"
    ],
    "show_brand": true,
    "deal_of_day_active": false,
    "full_title_meta": "PIVKA Piščančja klobasa",
    "lists": [
      4991
    ],
    "preview": false,
    "category_breadcrumbs": [
      {
        "id": "10068374",
        "name": "Hrana in pijača",
        "url": "/c/hrana-in-pijaca/s10068374",
        "hidden": false
      },
      {
        "id": "10071016",
        "name": "Meso in mesni izdelki",
        "url": "/h/meso-in-mesni-izdelki/h10071016",
        "hidden": false
      }
    ],
    "campaigns": [
      {
        "id": "Current_Sales_Week",
        "name": "Ta teden",
        "url": null,
        "hidden": false
      },
      {
        "id": "10075258",
        "name": "Tvoja Lidl cena",
        "url": "/c/tvoja-lidl-cena/a10075258",
        "hidden": false
      }
    ],
    "world_of_needs_code": "1717",
    "world_of_needs_name": "Klobase in meso",
    "world_of_needs_parent": "17",
    "is_main_category": true,
    "super_categories": [
      {
        "code": "17",
        "name": "Hrana in bližnja hrana",
        "parent": "0"
      },
      {
        "code": "0",
        "name": "Svetovi potreb",
        "parent": ""
      }
    ],
    "position": 163,
    "tracking_payload": {
      "searchTrackingMasterId": "Product.10082511",
      "searchTrackingTitle": "Pi%C5%A1%C4%8Dan%C4%8Dja+klobasa",
      "searchTrackingPageSize": 100,
      "searchTrackingPage": 2,
      "searchTrackingEvent": "click",
      "list": "search",
      "searchTrackingId": "Product.10082511",
      "searchTrackingOrigPos": 1,
      "searchTrackingPos": 163,
      "searchTrackingOrigPageSize": 100,
      "searchTrackingChannel": "SI",
      "category": "Food"
    }
  },
  {
    "code": "10082513",
    "name": "Domaćica",
    "url": "",
    "result_class": "product",
    "type": "product",
    "product_id": 10082513,
    "erp_number": "10082513",
    "item_id": 10082513,
    "full_title": "KRAŠ Domaćica",
    "title": "Domaćica",
    "category": "Food",
    "product_type": "RETAIL",
    "age_restriction": false,
    "is_used_product": false,
    "multipack": false,
    "online": false,
    "store": false,
    "quick_add_to_cart": false,
    "flash_sales": false,
    "having_videos": false,
    "having_threesixty": false,
    "price": 2.29,
    "old_price": 0.0,
    "currency_code": "EUR",
    "currency_symbol": "€",
    "has_star": true,
    "has_vat": false,
    "price_theme": "white_red",
    "variants_have_different_prices": false,
    "base_price_text": "1 kg = 8.32",
    "base_price_prefix": false,
    "packaging_text": "275 g",
    "discount_deleted_price": null,
    "discount_text": "ZGRABITE PRILOŽNOST!",
    "discount_percentage": null,
    "discount_has_star": false,
    "show_discount": false,
    "show_percentage": false,
    "from_recommended_price": false,
    "availability_indicator": 0,
    "online_available": false,
    "min_orderable_quantity": 1,
    "orderable_quantities": [],
    "badge_texts": [
      "V trgovini od 10.07. do 16.07."
    ],
    "badge_types": [
      "IN_STORE_FROM_FUTURE_DATE_RANGE"
    ],
    "main_image": "https://imgproxy-retcat.assets.schwarz/OuN3vAxKPWNVg2VP2RTbwynViKOvMv2V7_jhSdpVy9w/sm:1/w:427/h:320/cz/M6Ly9wcm9kLWNhd/GFsb2ctbWVkaWEvc2kvMS9DOEMxRTEyQUE3MzgwQ0RGQkY1REFGQjk/zRTVCM0FEOEZBMDYxMkI4MTkyOEMyMkQ2M0E5MTU0RDlFREE2NUJBLmpwZw.jpg",
    "image_list": [
      "https://imgproxy-retcat.assets.schwarz/OuN3vAxKPWNVg2VP2RTbwynViKOvMv2V7_jhSdpVy9w/sm:1/w:427/h:320/cz/M6Ly9wcm9kLWNhd/GFsb2ctbWVkaWEvc2kvMS9DOEMxRTEyQUE3MzgwQ0RGQkY1REFGQjk/zRTVCM0FEOEZBMDYxMkI4MTkyOEMyMkQ2M0E5MTU0RDlFREE2NUJBLmpwZw.jpg",
      "https://imgproxy-retcat.assets.schwarz/fqCLc6VEuL4aKvwnIlRz1fwyccKJTdAty2OhyeX-63g/sm:1/w:427/h:320/cz/M6Ly9wcm9kLWNhd/GFsb2ctbWVkaWEvc2kvMS85NDA5MUUwQjcyMzkwREM1QjZBMTREMjE/xRjQwNTREQTUwRjhGOTlBOThFRjQxNTQ4NzI2NjY5MkQ5OEI4NTI0LmpwZw.jpg"
    ],
    "image_accessibility": "Dve škatli piškotov Dominacija, čokoladni in vanilijevi.",
    "detailed_images": [
      {
        "url": "https://imgproxy-retcat.assets.schwarz/OuN3vAxKPWNVg2VP2RTbwynViKOvMv2V7_jhSdpVy9w/sm:1/w:427/h:320/cz/M6Ly9wcm9kLWNhd/GFsb2ctbWVkaWEvc2kvMS9DOEMxRTEyQUE3MzgwQ0RGQkY1REFGQjk/zRTVCM0FEOEZBMDYxMkI4MTkyOEMyMkQ2M0E5MTU0RDlFREE2NUJBLmpwZw.jpg",
        "accessibility": "Dve škatli piškotov Dominacija, čokoladni in vanilijevi."
      },
      {
        "url": "https://imgproxy-retcat.assets.schwarz/fqCLc6VEuL4aKvwnIlRz1fwyccKJTdAty2OhyeX-63g/sm:1/w:427/h:320/cz/M6Ly9wcm9kLWNhd/GFsb2ctbWVkaWEvc2kvMS85NDA5MUUwQjcyMzkwREM1QjZBMTREMjE/xRjQwNTREQTUwRjhGOTlBOThFRjQxNTQ4NzI2NjY5MkQ5OEI4NTI0LmpwZw.jpg",
        "accessibility": "Škatla piškotov Domačica s čokoladnim in kokosovim nadevom."
      }
    ],
    "analytics_category": "Food",
    "more_details": "Dodatne podrobnosti o izdelku",
    "won_category_primary": "Svetovi potreb/Hrana in bližnja hrana/Prigrizki in slaščice",
    "won_category_primary_path": "0/17/1721",
    "canonical_path": "/p/kras-domacica/p10082513",
    "canonical_url": "/p/kras-domacica/p10082513",
    "awards": [],
    "seals": [],
    "ribbons": [],
    "highlighted_seals": 0,
    "lidl_plus": [],
    "regions": [],
    "ians": [
      "6907241"
    ],
    "show_brand": true,
    "deal_of_day_active": false,
    "full_title_meta": "KRAŠ Domaćica",
    "lists": [
      4991
    ],
    "preview": false,
    "category_breadcrumbs": [
      {
        "id": "10068374",
        "name": "Hrana in pijača",
        "url": "/c/hrana-in-pijaca/s10068374",
        "hidden": false
      },
      {
        "id": "10071044",
        "name": "Prigrizki in sladkarije",
        "url": "/h/prigrizki-in-sladkarije/h10071044",
        "hidden": false
      }
    ],
    "campaigns": [
      {
        "id": "Current_Sales_Week",
        "name": "Ta teden",
        "url": null,
        "hidden": false
      },
      {
        "id": "10075258",
        "name": "Tvoja Lidl cena",
        "url": "/c/tvoja-lidl-cena/a10075258",
        "hidden": false
      }
    ],
    "world_of_needs_code": "1721",
    "world_of_needs_name": "Prigrizki in slaščice",
    "world_of_needs_parent": "17",
    "is_main_category": true,
    "super_categories": [
      {
        "code": "17",
        "name": "Hrana in bližnja hrana",
        "parent": "0"
      },
      {
        "code": "0",
        "name": "Svetovi potreb",
        "parent": ""
      }
    ],
    "position": 164,
    "tracking_payload": {
      "searchTrackingMasterId": "Product.10082513",
      "searchTrackingTitle": "Doma%C4%87ica",
      "searchTrackingPageSize": 100,
      "searchTrackingPage": 2,
      "searchTrackingEvent": "click",
      "list": "search",
      "searchTrackingId": "Product.10082513",
      "searchTrackingOrigPos": 1,
      "searchTrackingPos": 164,
      "searchTrackingOrigPageSize": 100,
      "searchTrackingChannel": "SI",
      "category": "Food"
    }
  },
  {
    "code": "10082515",
    "name": "Biskvit s polnilom",
    "url": "",
    "result_class": "product",
    "type": "product",
    "product_id": 10082515,
    "erp_number": "10082515",
    "item_id": 10082515,
    "full_title": "MILKA Biskvit s polnilom",
    "title": "Biskvit s polnilom",
    "category": "Food",
    "product_type": "RETAIL",
    "age_restriction": false,
    "is_used_product": false,
    "multipack": false,
    "online": false,
    "store": false,
    "quick_add_to_cart": false,
    "flash_sales": false,
    "having_videos": false,
    "having_threesixty": false,
    "price": 1.99,
    "old_price": 0.0,
    "currency_code": "EUR",
    "currency_symbol": "€",
    "has_star": true,
    "has_vat": false,
    "price_theme": "white_red",
    "variants_have_different_prices": false,
    "base_price_text": "1 kg = 13.27/11.37",
    "base_price_prefix": false,
    "packaging_text": "150/175 g",
    "discount_deleted_price": null,
    "discount_text": "ZGRABITE PRILOŽNOST!",
    "discount_percentage": null,
    "discount_has_star": false,
    "show_discount": false,
    "show_percentage": false,
    "from_recommended_price": false,
    "availability_indicator": 0,
    "online_available": false,
    "min_orderable_quantity": 1,
    "orderable_quantities": [],
    "badge_texts": [
      "V trgovini od 10.07. do 16.07."
    ],
    "badge_types": [
      "IN_STORE_FROM_FUTURE_DATE_RANGE"
    ],
    "main_image": "https://imgproxy-retcat.assets.schwarz/h95e7GPl7MRHkUq0NyD9hquhF2ORlG9nIk9naBremPg/sm:1/w:427/h:320/cz/M6Ly9wcm9kLWNhd/GFsb2ctbWVkaWEvc2kvMS9CMDMyM0MyNUUxRjZGRTU5M0ExMUU1QkU/xNzcxNzhGMzBERTBCOUZGQkEyMTBFNDJFQzA3QkU0MUJGNkQwODAzLmpwZw.jpg",
    "image_list": [
      "https://imgproxy-retcat.assets.schwarz/h95e7GPl7MRHkUq0NyD9hquhF2ORlG9nIk9naBremPg/sm:1/w:427/h:320/cz/M6Ly9wcm9kLWNhd/GFsb2ctbWVkaWEvc2kvMS9CMDMyM0MyNUUxRjZGRTU5M0ExMUU1QkU/xNzcxNzhGMzBERTBCOUZGQkEyMTBFNDJFQzA3QkU0MUJGNkQwODAzLmpwZw.jpg",
      "https://imgproxy-retcat.assets.schwarz/gFmRdl3gh_cLuMQa053OQEi1TW4F2Kdb-FrZwh1TLFo/sm:1/w:427/h:320/cz/M6Ly9wcm9kLWNhd/GFsb2ctbWVkaWEvc2kvMS9ENDM5NEIzM0UxMDdENjhGOTNEN0ZGNzk/yQjg4RjU4OTJDM0U2OTkyN0FDNDlDQ0QwOEE0RUQ1MDMxRDdCQzk1LmpwZw.jpg",
      "https://imgproxy-retcat.assets.schwarz/8_ZqRG36JVri7Pzg6StN1zlMkRnWFK5PfubQaWw4p1Y/sm:1/w:427/h:320/cz/M6Ly9wcm9kLWNhd/GFsb2ctbWVkaWEvc2kvMS9EQTc5QzBBRTQ3MEZCOUI1MDZDRUM0NTc/3NEFGMTBFQTJBQjQ5NzAzNEY4OUMyMEVCN0IzNDNEQURDMTZCMDcwLmpwZw.jpg"
    ],
    "image_accessibility": "Dve Milka čokoladni tablici: ena s piškoti, druga s kolačem.",
    "detailed_images": [
      {
        "url": "https://imgproxy-retcat.assets.schwarz/h95e7GPl7MRHkUq0NyD9hquhF2ORlG9nIk9naBremPg/sm:1/w:427/h:320/cz/M6Ly9wcm9kLWNhd/GFsb2ctbWVkaWEvc2kvMS9CMDMyM0MyNUUxRjZGRTU5M0ExMUU1QkU/xNzcxNzhGMzBERTBCOUZGQkEyMTBFNDJFQzA3QkU0MUJGNkQwODAzLmpwZw.jpg",
        "accessibility": "Dve Milka čokoladni tablici: ena s piškoti, druga s kolačem."
      },
      {
        "url": "https://imgproxy-retcat.assets.schwarz/gFmRdl3gh_cLuMQa053OQEi1TW4F2Kdb-FrZwh1TLFo/sm:1/w:427/h:320/cz/M6Ly9wcm9kLWNhd/GFsb2ctbWVkaWEvc2kvMS9ENDM5NEIzM0UxMDdENjhGOTNEN0ZGNzk/yQjg4RjU4OTJDM0U2OTkyN0FDNDlDQ0QwOEE0RUQ1MDMxRDdCQzk1LmpwZw.jpg",
        "accessibility": "Milka čokoladni piškoti v obliki vafljev."
      },
      {
        "url": "https://imgproxy-retcat.assets.schwarz/8_ZqRG36JVri7Pzg6StN1zlMkRnWFK5PfubQaWw4p1Y/sm:1/w:427/h:320/cz/M6Ly9wcm9kLWNhd/GFsb2ctbWVkaWEvc2kvMS9EQTc5QzBBRTQ3MEZCOUI1MDZDRUM0NTc/3NEFGMTBFQTJBQjQ5NzAzNEY4OUMyMEVCN0IzNDNEQURDMTZCMDcwLmpwZw.jpg",
        "accessibility": "Milka čokolada s piškoti."
      }
    ],
    "analytics_category": "Food",
    "more_details": "Dodatne podrobnosti o izdelku",
    "won_category_primary": "Svetovi potreb/Hrana in bližnja hrana/Prigrizki in slaščice",
    "won_category_primary_path": "0/17/1721",
    "canonical_path": "/p/milka-biskvit-s-polnilom/p10082515",
    "canonical_url": "/p/milka-biskvit-s-polnilom/p10082515",
    "awards": [],
    "seals": [],
    "ribbons": [],
    "highlighted_seals": 0,
    "lidl_plus": [],
    "regions": [],
    "ians": [
      "215788"
    ],
    "show_brand": true,
    "deal_of_day_active": false,
    "full_title_meta": "MILKA Biskvit s polnilom",
    "lists": [
      4991
    ],
    "preview": false,
    "category_breadcrumbs": [
      {
        "id": "10068374",
        "name": "Hrana in pijača",
        "url": "/c/hrana-in-pijaca/s10068374",
        "hidden": false
      },
      {
        "id": "10071044",
        "name": "Prigrizki in sladkarije",
        "url": "/h/prigrizki-in-sladkarije/h10071044",
        "hidden": false
      }
    ],
    "campaigns": [
      {
        "id": "Current_Sales_Week",
        "name": "Ta teden",
        "url": null,
        "hidden": false
      },
      {
        "id": "10075258",
        "name": "Tvoja Lidl cena",
        "url": "/c/tvoja-lidl-cena/a10075258",
        "hidden": false
      }
    ],
    "world_of_needs_code": "1721",
    "world_of_needs_name": "Prigrizki in slaščice",
    "world_of_needs_parent": "17",
    "is_main_category": true,
    "super_categories": [
      {
        "code": "17",
        "name": "Hrana in bližnja hrana",
        "parent": "0"
      },
      {
        "code": "0",
        "name": "Svetovi potreb",
        "parent": ""
      }
    ],
    "position": 165,
    "tracking_payload": {
      "searchTrackingMasterId": "Product.10082515",
      "searchTrackingTitle": "Biskvit+s+polnilom",
      "searchTrackingPageSize": 100,
      "searchTrackingPage": 2,
      "searchTrackingEvent": "click",
      "list": "search",
      "searchTrackingId": "Product.10082515",
      "searchTrackingOrigPos": 1,
      "searchTrackingPos": 165,
      "searchTrackingOrigPageSize": 100,
      "searchTrackingChannel": "SI",
      "category": "Food"
    }
  },
  {
    "code": "10082517",
    "name": "Čokoladni vafelj Duplo White",
    "url": "",
    "result_class": "product",
    "type": "product",
    "product_id": 10082517,
    "erp_number": "10082517",
    "item_id": 10082517,
    "full_title": "FERRERO Čokoladni vafelj Duplo White",
    "title": "Čokoladni vafelj Duplo White",
    "category": "Food",
    "product_type": "RETAIL",
    "age_restriction": false,
    "is_used_product": false,
    "multipack": false,
    "online": false,
    "store": false,
    "quick_add_to_cart": false,
    "flash_sales": false,
    "having_videos": false,
    "having_threesixty": false,
    "price": 3.99,
    "old_price": 0.0,
    "currency_code": "EUR",
    "currency_symbol": "€",
    "has_star": true,
    "has_vat": false,
    "price_theme": "white_red",
    "variants_have_different_prices": false,
    "base_price_text": "1 kg = 19.95",
    "base_price_prefix": false,
    "packaging_text": "200 g",
    "discount_deleted_price": null,
    "discount_text": "ZGRABITE PRILOŽNOST!",
    "discount_percentage": null,
    "discount_has_star": false,
    "show_discount": false,
    "show_percentage": false,
    "from_recommended_price": false,
    "availability_indicator": 0,
    "online_available": false,
    "min_orderable_quantity": 1,
    "orderable_quantities": [],
    "badge_texts": [
      "V trgovini od 10.07. do 16.07."
    ],
    "badge_types": [
      "IN_STORE_FROM_FUTURE_DATE_RANGE"
    ],
    "main_image": "https://imgproxy-retcat.assets.schwarz/y-dT_JZqMUEv0Ebex8BK6AfaYatA-PZ_HDfu_NguASE/sm:1/w:427/h:320/cz/M6Ly9wcm9kLWNhd/GFsb2ctbWVkaWEvc2kvMS9GOUMxRjM0Q0FBNkQ0QzM4MTEyMkZGQzM/yNzk5RDBFMTZEREQzQ0Y1NEFERDkzM0Y1OEMwOTZDRjRFQ0FERkI5LmpwZw.jpg",
    "image_list": [
      "https://imgproxy-retcat.assets.schwarz/y-dT_JZqMUEv0Ebex8BK6AfaYatA-PZ_HDfu_NguASE/sm:1/w:427/h:320/cz/M6Ly9wcm9kLWNhd/GFsb2ctbWVkaWEvc2kvMS9GOUMxRjM0Q0FBNkQ0QzM4MTEyMkZGQzM/yNzk5RDBFMTZEREQzQ0Y1NEFERDkzM0Y1OEMwOTZDRjRFQ0FERkI5LmpwZw.jpg"
    ],
    "image_accessibility": "Embalaža Duplo vafljev s promocijsko ponudbo +1 gratis.",
    "detailed_images": [
      {
        "url": "https://imgproxy-retcat.assets.schwarz/y-dT_JZqMUEv0Ebex8BK6AfaYatA-PZ_HDfu_NguASE/sm:1/w:427/h:320/cz/M6Ly9wcm9kLWNhd/GFsb2ctbWVkaWEvc2kvMS9GOUMxRjM0Q0FBNkQ0QzM4MTEyMkZGQzM/yNzk5RDBFMTZEREQzQ0Y1NEFERDkzM0Y1OEMwOTZDRjRFQ0FERkI5LmpwZw.jpg",
        "accessibility": "Embalaža Duplo vafljev s promocijsko ponudbo +1 gratis."
      }
    ],
    "analytics_category": "Food",
    "more_details": "Dodatne podrobnosti o izdelku",
    "won_category_primary": "Svetovi potreb/Hrana in bližnja hrana/Prigrizki in slaščice",
    "won_category_primary_path": "0/17/1721",
    "canonical_path": "/p/ferrero-cokoladni-vafelj-duplo-white/p10082517",
    "canonical_url": "/p/ferrero-cokoladni-vafelj-duplo-white/p10082517",
    "awards": [],
    "seals": [],
    "ribbons": [],
    "highlighted_seals": 0,
    "lidl_plus": [],
    "regions": [],
    "ians": [
      "205853"
    ],
    "show_brand": true,
    "deal_of_day_active": false,
    "full_title_meta": "FERRERO Čokoladni vafelj Duplo White",
    "lists": [
      4991
    ],
    "preview": false,
    "category_breadcrumbs": [
      {
        "id": "10068374",
        "name": "Hrana in pijača",
        "url": "/c/hrana-in-pijaca/s10068374",
        "hidden": false
      },
      {
        "id": "10071044",
        "name": "Prigrizki in sladkarije",
        "url": "/h/prigrizki-in-sladkarije/h10071044",
        "hidden": false
      }
    ],
    "campaigns": [
      {
        "id": "Current_Sales_Week",
        "name": "Ta teden",
        "url": null,
        "hidden": false
      },
      {
        "id": "10075258",
        "name": "Tvoja Lidl cena",
        "url": "/c/tvoja-lidl-cena/a10075258",
        "hidden": false
      }
    ],
    "world_of_needs_code": "1721",
    "world_of_needs_name": "Prigrizki in slaščice",
    "world_of_needs_parent": "17",
    "is_main_category": true,
    "super_categories": [
      {
        "code": "17",
        "name": "Hrana in bližnja hrana",
        "parent": "0"
      },
      {
        "code": "0",
        "name": "Svetovi potreb",
        "parent": ""
      }
    ],
    "position": 166,
    "tracking_payload": {
      "searchTrackingMasterId": "Product.10082517",
      "searchTrackingTitle": "%C4%8Cokoladni+vafelj+Duplo+White",
      "searchTrackingPageSize": 100,
      "searchTrackingPage": 2,
      "searchTrackingEvent": "click",
      "list": "search",
      "searchTrackingId": "Product.10082517",
      "searchTrackingOrigPos": 1,
      "searchTrackingPos": 166,
      "searchTrackingOrigPageSize": 100,
      "searchTrackingChannel": "SI",
      "category": "Food"
    }
  },
  {
    "code": "10082519",
    "name": "Kinder čokolada",
    "url": "",
    "result_class": "product",
    "type": "product",
    "product_id": 10082519,
    "erp_number": "10082519",
    "item_id": 10082519,
    "full_title": "KINDER Kinder čokolada",
    "title": "Kinder čokolada",
    "category": "Food",
    "product_type": "RETAIL",
    "age_restriction": false,
    "is_used_product": false,
    "multipack": false,
    "online": false,
    "store": false,
    "quick_add_to_cart": false,
    "flash_sales": false,
    "having_videos": false,
    "having_threesixty": false,
    "price": 3.99,
    "old_price": 0.0,
    "currency_code": "EUR",
    "currency_symbol": "€",
    "has_star": true,
    "has_vat": false,
    "price_theme": "white_red",
    "variants_have_different_prices": false,
    "base_price_text": "1 kg = 17.27",
    "base_price_prefix": false,
    "packaging_text": "231 g",
    "discount_deleted_price": null,
    "discount_text": "ZGRABITE PRILOŽNOST!",
    "discount_percentage": null,
    "discount_has_star": false,
    "show_discount": false,
    "show_percentage": false,
    "from_recommended_price": false,
    "availability_indicator": 0,
    "online_available": false,
    "min_orderable_quantity": 1,
    "orderable_quantities": [],
    "badge_texts": [
      "V trgovini od 10.07. do 16.07."
    ],
    "badge_types": [
      "IN_STORE_FROM_FUTURE_DATE_RANGE"
    ],
    "main_image": "https://imgproxy-retcat.assets.schwarz/FRcEd7Zf9klxQGPMCAkDUFQclGT_L5zr2kgytJXdmp4/sm:1/w:427/h:320/cz/M6Ly9wcm9kLWNhd/GFsb2ctbWVkaWEvc2kvMS80QTRFQjEyNTJBNTY0OEYyRjI3MkJBMDc/zOEQxQkE3RDc2MEU4QjYyM0YyMTkwMEVGRUM1NUEzOTI0MDY1RjlCLmpwZw.jpg",
    "image_list": [
      "https://imgproxy-retcat.assets.schwarz/FRcEd7Zf9klxQGPMCAkDUFQclGT_L5zr2kgytJXdmp4/sm:1/w:427/h:320/cz/M6Ly9wcm9kLWNhd/GFsb2ctbWVkaWEvc2kvMS80QTRFQjEyNTJBNTY0OEYyRjI3MkJBMDc/zOEQxQkE3RDc2MEU4QjYyM0YyMTkwMEVGRUM1NUEzOTI0MDY1RjlCLmpwZw.jpg"
    ],
    "image_accessibility": "Embalaža Kinder Riegel čokoladnih ploščic.",
    "detailed_images": [
      {
        "url": "https://imgproxy-retcat.assets.schwarz/FRcEd7Zf9klxQGPMCAkDUFQclGT_L5zr2kgytJXdmp4/sm:1/w:427/h:320/cz/M6Ly9wcm9kLWNhd/GFsb2ctbWVkaWEvc2kvMS80QTRFQjEyNTJBNTY0OEYyRjI3MkJBMDc/zOEQxQkE3RDc2MEU4QjYyM0YyMTkwMEVGRUM1NUEzOTI0MDY1RjlCLmpwZw.jpg",
        "accessibility": "Embalaža Kinder Riegel čokoladnih ploščic."
      }
    ],
    "analytics_category": "Food",
    "more_details": "Dodatne podrobnosti o izdelku",
    "won_category_primary": "Svetovi potreb/Hrana in bližnja hrana/Prigrizki in slaščice",
    "won_category_primary_path": "0/17/1721",
    "canonical_path": "/p/kinder-kinder-cokolada/p10082519",
    "canonical_url": "/p/kinder-kinder-cokolada/p10082519",
    "awards": [],
    "seals": [],
    "ribbons": [],
    "highlighted_seals": 0,
    "lidl_plus": [],
    "regions": [],
    "ians": [
      "206032"
    ],
    "show_brand": true,
    "deal_of_day_active": false,
    "full_title_meta": "KINDER Kinder čokolada",
    "lists": [
      4991
    ],
    "preview": false,
    "category_breadcrumbs": [
      {
        "id": "10068374",
        "name": "Hrana in pijača",
        "url": "/c/hrana-in-pijaca/s10068374",
        "hidden": false
      },
      {
        "id": "10071044",
        "name": "Prigrizki in sladkarije",
        "url": "/h/prigrizki-in-sladkarije/h10071044",
        "hidden": false
      }
    ],
    "campaigns": [
      {
        "id": "Current_Sales_Week",
        "name": "Ta teden",
        "url": null,
        "hidden": false
      },
      {
        "id": "10075258",
        "name": "Tvoja Lidl cena",
        "url": "/c/tvoja-lidl-cena/a10075258",
        "hidden": false
      }
    ],
    "world_of_needs_code": "1721",
    "world_of_needs_name": "Prigrizki in slaščice",
    "world_of_needs_parent": "17",
    "is_main_category": true,
    "super_categories": [
      {
        "code": "17",
        "name": "Hrana in bližnja hrana",
        "parent": "0"
      },
      {
        "code": "0",
        "name": "Svetovi potreb",
        "parent": ""
      }
    ],
    "position": 167,
    "tracking_payload": {
      "searchTrackingMasterId": "Product.10082519",
      "searchTrackingTitle": "Kinder+%C4%8Dokolada",
      "searchTrackingPageSize": 100,
      "searchTrackingPage": 2,
      "searchTrackingEvent": "click",
      "list": "search",
      "searchTrackingId": "Product.10082519",
      "searchTrackingOrigPos": 1,
      "searchTrackingPos": 167,
      "searchTrackingOrigPageSize": 100,
      "searchTrackingChannel": "SI",
      "category": "Food"
    }
  },
  {
    "code": "10082521",
    "name": "Fino maslo",
    "url": "",
    "result_class": "product",
    "type": "product",
    "product_id": 10082521,
    "erp_number": "10082521",
    "item_id": 10082521,
    "full_title": "MU Fino maslo",
    "title": "Fino maslo",
    "category": "Food",
    "product_type": "RETAIL",
    "age_restriction": false,
    "is_used_product": false,
    "multipack": false,
    "online": false,
    "store": false,
    "quick_add_to_cart": false,
    "flash_sales": false,
    "having_videos": false,
    "having_threesixty": false,
    "price": 2.79,
    "old_price": 0.0,
    "currency_code": "EUR",
    "currency_symbol": "€",
    "has_star": true,
    "has_vat": false,
    "price_theme": "white_red",
    "variants_have_different_prices": false,
    "base_price_text": "1 kg = 11.16",
    "base_price_prefix": false,
    "packaging_text": "250 g",
    "discount_deleted_price": null,
    "discount_text": "ZGRABITE PRILOŽNOST!",
    "discount_percentage": null,
    "discount_has_star": false,
    "show_discount": false,
    "show_percentage": false,
    "from_recommended_price": false,
    "availability_indicator": 0,
    "online_available": false,
    "min_orderable_quantity": 1,
    "orderable_quantities": [],
    "badge_texts": [
      "V trgovini od 10.07. do 16.07."
    ],
    "badge_types": [
      "IN_STORE_FROM_FUTURE_DATE_RANGE"
    ],
    "main_image": "https://imgproxy-retcat.assets.schwarz/ABkj8xhJ-ODlm_4mPBoCPLWiI3mkbJ1SP1Oo-sDnuD4/sm:1/w:427/h:320/cz/M6Ly9wcm9kLWNhd/GFsb2ctbWVkaWEvc2kvMS8wRDE2RUI2RDJDNTI5OEE5NjM4RjU2MTE/1MzgxRDRGM0YxN0M0NTdBNEZGODQ4ODJEQkQyQTA3ODkxNzdGN0NGLmpwZw.jpg",
    "image_list": [
      "https://imgproxy-retcat.assets.schwarz/ABkj8xhJ-ODlm_4mPBoCPLWiI3mkbJ1SP1Oo-sDnuD4/sm:1/w:427/h:320/cz/M6Ly9wcm9kLWNhd/GFsb2ctbWVkaWEvc2kvMS8wRDE2RUI2RDJDNTI5OEE5NjM4RjU2MTE/1MzgxRDRGM0YxN0M0NTdBNEZGODQ4ODJEQkQyQTA3ODkxNzdGN0NGLmpwZw.jpg"
    ],
    "image_accessibility": "Pakiranje masla Mu Fino.",
    "detailed_images": [
      {
        "url": "https://imgproxy-retcat.assets.schwarz/ABkj8xhJ-ODlm_4mPBoCPLWiI3mkbJ1SP1Oo-sDnuD4/sm:1/w:427/h:320/cz/M6Ly9wcm9kLWNhd/GFsb2ctbWVkaWEvc2kvMS8wRDE2RUI2RDJDNTI5OEE5NjM4RjU2MTE/1MzgxRDRGM0YxN0M0NTdBNEZGODQ4ODJEQkQyQTA3ODkxNzdGN0NGLmpwZw.jpg",
        "accessibility": "Pakiranje masla Mu Fino."
      }
    ],
    "analytics_category": "Food",
    "more_details": "Dodatne podrobnosti o izdelku",
    "won_category_primary": "Svetovi potreb/Hrana in bližnja hrana/Sir in mlečni izdelki (vključno z maslom in sirom)",
    "won_category_primary_path": "0/17/1718",
    "canonical_path": "/p/mu-fino-maslo/p10082521",
    "canonical_url": "/p/mu-fino-maslo/p10082521",
    "awards": [],
    "seals": [
      {
        "altText": "Nalepka: IZBRANA KAKOVOST, dva diamanti",
        "image": "https://imgproxy-retcat.assets.schwarz/wtd5_GfhfuyCgNwAfOv49gnGT4Rn6TY8NjywUVGixAk/sm:1/w:140/cz/M6Ly9wcm9kLWNhd/GFsb2ctbWVkaWEvc2kvMi9ERjg3RTE1MjgwMUFGRjI2RTRDNEZCMTc/zMkQ1NjRFODNBNzZEN0IxNUQ5MDY2Q0U4RDAxMEY5MTUzMzkyQjRCLnBuZw.png"
      },
      {
        "altText": "Nalepka: Hlajeno",
        "image": "https://imgproxy-retcat.assets.schwarz/7x3Iby7aD19hFySDnP2YoXt7E1r0JrvJVj0QO1gUOes/sm:1/w:140/cz/M6Ly9wcm9kLWNhd/GFsb2ctbWVkaWEvc2kvMi8xMzFBN0E2RDlCREZGREQxOEE2OTFDNEZ/FNDE5RTM0QUMxQjY4OEQ0OUY2QTAxMTRDRjQ1RjdCNTNDRjM2NUJBLnBuZw.png"
      }
    ],
    "ribbons": [],
    "highlighted_seals": 0,
    "lidl_plus": [],
    "regions": [],
    "ians": [
      "7306761"
    ],
    "show_brand": true,
    "deal_of_day_active": false,
    "full_title_meta": "MU Fino maslo",
    "lists": [
      4991
    ],
    "preview": false,
    "category_breadcrumbs": [
      {
        "id": "10068374",
        "name": "Hrana in pijača",
        "url": "/c/hrana-in-pijaca/s10068374",
        "hidden": false
      },
      {
        "id": "10071017",
        "name": " Sir &  Mlečni izdelki",
        "url": "/h/sir-mlecni-izdelki/h10071017",
        "hidden": false
      }
    ],
    "campaigns": [
      {
        "id": "Current_Sales_Week",
        "name": "Ta teden",
        "url": null,
        "hidden": false
      },
      {
        "id": "10075258",
        "name": "Tvoja Lidl cena",
        "url": "/c/tvoja-lidl-cena/a10075258",
        "hidden": false
      }
    ],
    "world_of_needs_code": "1718",
    "world_of_needs_name": "Sir in mlečni izdelki (vključno z maslom in sirom)",
    "world_of_needs_parent": "17",
    "is_main_category": true,
    "super_categories": [
      {
        "code": "17",
        "name": "Hrana in bližnja hrana",
        "parent": "0"
      },
      {
        "code": "0",
        "name": "Svetovi potreb",
        "parent": ""
      }
    ],
    "position": 168,
    "tracking_payload": {
      "searchTrackingMasterId": "Product.10082521",
      "searchTrackingTitle": "Fino+maslo",
      "searchTrackingPageSize": 100,
      "searchTrackingPage": 2,
      "searchTrackingEvent": "click",
      "list": "search",
      "searchTrackingId": "Product.10082521",
      "searchTrackingOrigPos": 1,
      "searchTrackingPos": 168,
      "searchTrackingOrigPageSize": 100,
      "searchTrackingChannel": "SI",
      "category": "Food"
    }
  },
  {
    "code": "10082523",
    "name": "Rižev čips",
    "url": "",
    "result_class": "product",
    "type": "product",
    "product_id": 10082523,
    "erp_number": "10082523",
    "item_id": 10082523,
    "full_title": "LIVITY Rižev čips",
    "title": "Rižev čips",
    "category": "Food",
    "product_type": "RETAIL",
    "age_restriction": false,
    "is_used_product": false,
    "multipack": false,
    "online": false,
    "store": false,
    "quick_add_to_cart": false,
    "flash_sales": false,
    "having_videos": false,
    "having_threesixty": false,
    "price": 0.89,
    "old_price": 0.0,
    "currency_code": "EUR",
    "currency_symbol": "€",
    "has_star": true,
    "has_vat": false,
    "price_theme": "white_red",
    "variants_have_different_prices": false,
    "base_price_text": "1 kg = 14.83",
    "base_price_prefix": false,
    "packaging_text": "60 g",
    "discount_deleted_price": null,
    "discount_text": "ZGRABITE PRILOŽNOST!",
    "discount_percentage": null,
    "discount_has_star": false,
    "show_discount": false,
    "show_percentage": false,
    "from_recommended_price": false,
    "availability_indicator": 0,
    "online_available": false,
    "min_orderable_quantity": 1,
    "orderable_quantities": [],
    "badge_texts": [
      "V trgovini od 10.07. do 16.07."
    ],
    "badge_types": [
      "IN_STORE_FROM_FUTURE_DATE_RANGE"
    ],
    "main_image": "https://imgproxy-retcat.assets.schwarz/Qof_8ASc2z3f6rsQrsVgjVQGifougs8IS-8-G0SaxV4/sm:1/w:427/h:320/cz/M6Ly9wcm9kLWNhd/GFsb2ctbWVkaWEvc2kvMS84NUQ2QkY4MDRFOEFGMTE2MzVBRkVGODI/1MENBQUMwNjg4MjU4M0VGRTI2MTYxOTRDMEFGRkNGM0FFNjkyQjhGLmpwZw.jpg",
    "image_list": [
      "https://imgproxy-retcat.assets.schwarz/Qof_8ASc2z3f6rsQrsVgjVQGifougs8IS-8-G0SaxV4/sm:1/w:427/h:320/cz/M6Ly9wcm9kLWNhd/GFsb2ctbWVkaWEvc2kvMS84NUQ2QkY4MDRFOEFGMTE2MzVBRkVGODI/1MENBQUMwNjg4MjU4M0VGRTI2MTYxOTRDMEFGRkNGM0FFNjkyQjhGLmpwZw.jpg",
      "https://imgproxy-retcat.assets.schwarz/wG3e-t_Ux5lFQp2y0FTDaSvKgkGOlpBkrhCaoLx5ORM/sm:1/w:427/h:320/cz/M6Ly9wcm9kLWNhd/GFsb2ctbWVkaWEvc2kvMS9DOUE1RTE1NkU4RTFEMDJCNDBFOThEM0E/4ODUzMzdGMEQ1QTgwQzQ5NjIwQUQ3NThGNzdCNTY0MzRDQ0UxNDZGLmpwZw.jpg",
      "https://imgproxy-retcat.assets.schwarz/Pd0NrQ-LmihxXhM5BlKQ-jnIPEX6p-BR3S7dEmYV-tg/sm:1/w:427/h:320/cz/M6Ly9wcm9kLWNhd/GFsb2ctbWVkaWEvc2kvMS8wRDVFNDE3RkQ1NTdCOEM5OUFFMkEwNzg/4MEYxOTFCOTM0RERFOEQ0NTVEMDcyRTIzMEY5QTIyM0ZBMzI1MThDLmpwZw.jpg"
    ],
    "image_accessibility": "Trije paketi Baby Bio Rice Chips različnih okusov.",
    "detailed_images": [
      {
        "url": "https://imgproxy-retcat.assets.schwarz/Qof_8ASc2z3f6rsQrsVgjVQGifougs8IS-8-G0SaxV4/sm:1/w:427/h:320/cz/M6Ly9wcm9kLWNhd/GFsb2ctbWVkaWEvc2kvMS84NUQ2QkY4MDRFOEFGMTE2MzVBRkVGODI/1MENBQUMwNjg4MjU4M0VGRTI2MTYxOTRDMEFGRkNGM0FFNjkyQjhGLmpwZw.jpg",
        "accessibility": "Trije paketi Baby Bio Rice Chips različnih okusov."
      },
      {
        "url": "https://imgproxy-retcat.assets.schwarz/wG3e-t_Ux5lFQp2y0FTDaSvKgkGOlpBkrhCaoLx5ORM/sm:1/w:427/h:320/cz/M6Ly9wcm9kLWNhd/GFsb2ctbWVkaWEvc2kvMS9DOUE1RTE1NkU4RTFEMDJCNDBFOThEM0E/4ODUzMzdGMEQ1QTgwQzQ5NjIwQUQ3NThGNzdCNTY0MzRDQ0UxNDZGLmpwZw.jpg",
        "accessibility": "Livly čips iz rjavega riža z okusom paradižnika in sladkega krompirja."
      },
      {
        "url": "https://imgproxy-retcat.assets.schwarz/Pd0NrQ-LmihxXhM5BlKQ-jnIPEX6p-BR3S7dEmYV-tg/sm:1/w:427/h:320/cz/M6Ly9wcm9kLWNhd/GFsb2ctbWVkaWEvc2kvMS8wRDVFNDE3RkQ1NTdCOEM5OUFFMkEwNzg/4MEYxOTFCOTM0RERFOEQ0NTVEMDcyRTIzMEY5QTIyM0ZBMzI1MThDLmpwZw.jpg",
        "accessibility": "Livly čips iz rjavega riža z okusom paradižnika."
      }
    ],
    "analytics_category": "Food",
    "more_details": "Dodatne podrobnosti o izdelku",
    "won_category_primary": "Svetovi potreb/Hrana in bližnja hrana/Prigrizki in slaščice",
    "won_category_primary_path": "0/17/1721",
    "canonical_path": "/p/livity-rizev-cips/p10082523",
    "canonical_url": "/p/livity-rizev-cips/p10082523",
    "awards": [],
    "seals": [],
    "ribbons": [],
    "highlighted_seals": 0,
    "lidl_plus": [],
    "regions": [],
    "ians": [
      "7307068"
    ],
    "show_brand": true,
    "deal_of_day_active": false,
    "full_title_meta": "LIVITY Rižev čips",
    "lists": [
      4991
    ],
    "preview": false,
    "category_breadcrumbs": [
      {
        "id": "10068374",
        "name": "Hrana in pijača",
        "url": "/c/hrana-in-pijaca/s10068374",
        "hidden": false
      },
      {
        "id": "10071044",
        "name": "Prigrizki in sladkarije",
        "url": "/h/prigrizki-in-sladkarije/h10071044",
        "hidden": false
      }
    ],
    "campaigns": [
      {
        "id": "Current_Sales_Week",
        "name": "Ta teden",
        "url": null,
        "hidden": false
      },
      {
        "id": "10075258",
        "name": "Tvoja Lidl cena",
        "url": "/c/tvoja-lidl-cena/a10075258",
        "hidden": false
      }
    ],
    "world_of_needs_code": "1721",
    "world_of_needs_name": "Prigrizki in slaščice",
    "world_of_needs_parent": "17",
    "is_main_category": true,
    "super_categories": [
      {
        "code": "17",
        "name": "Hrana in bližnja hrana",
        "parent": "0"
      },
      {
        "code": "0",
        "name": "Svetovi potreb",
        "parent": ""
      }
    ],
    "position": 169,
    "tracking_payload": {
      "searchTrackingMasterId": "Product.10082523",
      "searchTrackingTitle": "Ri%C5%BEev+%C4%8Dips",
      "searchTrackingPageSize": 100,
      "searchTrackingPage": 2,
      "searchTrackingEvent": "click",
      "list": "search",
      "searchTrackingId": "Product.10082523",
      "searchTrackingOrigPos": 1,
      "searchTrackingPos": 169,
      "searchTrackingOrigPageSize": 100,
      "searchTrackingChannel": "SI",
      "category": "Food"
    }
  },
  {
    "code": "10082525",
    "name": "Slivov namaz",
    "url": "",
    "result_class": "product",
    "type": "product",
    "product_id": 10082525,
    "erp_number": "10082525",
    "item_id": 10082525,
    "full_title": "PODRAVKA Slivov namaz",
    "title": "Slivov namaz",
    "category": "Food",
    "product_type": "RETAIL",
    "age_restriction": false,
    "is_used_product": false,
    "multipack": false,
    "online": false,
    "store": false,
    "quick_add_to_cart": false,
    "flash_sales": false,
    "having_videos": false,
    "having_threesixty": false,
    "price": 3.99,
    "old_price": 0.0,
    "currency_code": "EUR",
    "currency_symbol": "€",
    "has_star": true,
    "has_vat": false,
    "price_theme": "white_red",
    "variants_have_different_prices": false,
    "base_price_text": "1 kg = 6.05",
    "base_price_prefix": false,
    "packaging_text": "660 g",
    "discount_deleted_price": null,
    "discount_text": "ZGRABITE PRILOŽNOST!",
    "discount_percentage": null,
    "discount_has_star": false,
    "show_discount": false,
    "show_percentage": false,
    "from_recommended_price": false,
    "availability_indicator": 0,
    "online_available": false,
    "min_orderable_quantity": 1,
    "orderable_quantities": [],
    "badge_texts": [
      "V trgovini od 10.07. do 16.07."
    ],
    "badge_types": [
      "IN_STORE_FROM_FUTURE_DATE_RANGE"
    ],
    "main_image": "https://imgproxy-retcat.assets.schwarz/5RZ4o4qDq_SFbUJvgMzAEFRkcAVonppixWnBCn2gHsE/sm:1/w:427/h:320/cz/M6Ly9wcm9kLWNhd/GFsb2ctbWVkaWEvc2kvMS8yRThCREU4MkFBNEQzQTZBQjJDRUI2MTV/CRjQyN0IyODIxMzlDQUEzMjUwQUNFQTA0N0U5OTlFMUY5ODQzRDJFLmpwZw.jpg",
    "image_list": [
      "https://imgproxy-retcat.assets.schwarz/5RZ4o4qDq_SFbUJvgMzAEFRkcAVonppixWnBCn2gHsE/sm:1/w:427/h:320/cz/M6Ly9wcm9kLWNhd/GFsb2ctbWVkaWEvc2kvMS8yRThCREU4MkFBNEQzQTZBQjJDRUI2MTV/CRjQyN0IyODIxMzlDQUEzMjUwQUNFQTA0N0U5OTlFMUY5ODQzRDJFLmpwZw.jpg"
    ],
    "image_accessibility": "Košček slivovega džema v steklenem kozarcu.",
    "detailed_images": [
      {
        "url": "https://imgproxy-retcat.assets.schwarz/5RZ4o4qDq_SFbUJvgMzAEFRkcAVonppixWnBCn2gHsE/sm:1/w:427/h:320/cz/M6Ly9wcm9kLWNhd/GFsb2ctbWVkaWEvc2kvMS8yRThCREU4MkFBNEQzQTZBQjJDRUI2MTV/CRjQyN0IyODIxMzlDQUEzMjUwQUNFQTA0N0U5OTlFMUY5ODQzRDJFLmpwZw.jpg",
        "accessibility": "Košček slivovega džema v steklenem kozarcu."
      }
    ],
    "analytics_category": "Food",
    "more_details": "Dodatne podrobnosti o izdelku",
    "won_category_primary": "Svetovi potreb/Hrana in bližnja hrana/Džem, marmelada in med",
    "won_category_primary_path": "0/17/1712",
    "canonical_path": "/p/podravka-slivov-namaz/p10082525",
    "canonical_url": "/p/podravka-slivov-namaz/p10082525",
    "awards": [],
    "seals": [],
    "ribbons": [],
    "highlighted_seals": 0,
    "lidl_plus": [],
    "regions": [],
    "ians": [
      "6907953"
    ],
    "show_brand": true,
    "deal_of_day_active": false,
    "full_title_meta": "PODRAVKA Slivov namaz",
    "lists": [
      4991
    ],
    "preview": false,
    "category_breadcrumbs": [
      {
        "id": "10068374",
        "name": "Hrana in pijača",
        "url": "/c/hrana-in-pijaca/s10068374",
        "hidden": false
      },
      {
        "id": "10071684",
        "name": "Džemi in namazi",
        "url": "/h/dzemi-in-namazi/h10071684",
        "hidden": false
      }
    ],
    "campaigns": [
      {
        "id": "Current_Sales_Week",
        "name": "Ta teden",
        "url": null,
        "hidden": false
      },
      {
        "id": "10075258",
        "name": "Tvoja Lidl cena",
        "url": "/c/tvoja-lidl-cena/a10075258",
        "hidden": false
      }
    ],
    "world_of_needs_code": "1712",
    "world_of_needs_name": "Džem, marmelada in med",
    "world_of_needs_parent": "17",
    "is_main_category": true,
    "super_categories": [
      {
        "code": "17",
        "name": "Hrana in bližnja hrana",
        "parent": "0"
      },
      {
        "code": "0",
        "name": "Svetovi potreb",
        "parent": ""
      }
    ],
    "position": 170,
    "tracking_payload": {
      "searchTrackingMasterId": "Product.10082525",
      "searchTrackingTitle": "Slivov+namaz",
      "searchTrackingPageSize": 100,
      "searchTrackingPage": 2,
      "searchTrackingEvent": "click",
      "list": "search",
      "searchTrackingId": "Product.10082525",
      "searchTrackingOrigPos": 1,
      "searchTrackingPos": 170,
      "searchTrackingOrigPageSize": 100,
      "searchTrackingChannel": "SI",
      "category": "Food"
    }
  },
  {
    "code": "10082527",
    "name": "Srebrna radgonska penina",
    "url": "",
    "result_class": "product",
    "type": "product",
    "product_id": 10082527,
    "erp_number": "10082527",
    "item_id": 10082527,
    "full_title": "RADGONSKE GORICE Srebrna radgonska penina",
    "title": "Srebrna radgonska penina",
    "category": "Food",
    "product_type": "RETAIL",
    "age_restriction": false,
    "is_used_product": false,
    "multipack": false,
    "online": false,
    "store": false,
    "quick_add_to_cart": false,
    "flash_sales": false,
    "having_videos": false,
    "having_threesixty": false,
    "price": null,
    "old_price": null,
    "currency_code": "EUR",
    "currency_symbol": "€",
    "has_star": true,
    "has_vat": false,
    "price_theme": null,
    "variants_have_different_prices": false,
    "base_price_text": null,
    "base_price_prefix": null,
    "packaging_text": null,
    "discount_deleted_price": null,
    "discount_text": null,
    "discount_percentage": null,
    "discount_has_star": null,
    "show_discount": null,
    "show_percentage": null,
    "from_recommended_price": null,
    "availability_indicator": 0,
    "online_available": false,
    "min_orderable_quantity": 1,
    "orderable_quantities": [],
    "badge_texts": [
      "V trgovini od 10.07. do 12.07."
    ],
    "badge_types": [
      "IN_STORE_FROM_FUTURE_DATE_RANGE"
    ],
    "main_image": "https://imgproxy-retcat.assets.schwarz/Of-qW69s_KZI_oz_itI3VHgaBjo5EaomY9ard9LkEGY/sm:1/w:427/h:320/cz/M6Ly9wcm9kLWNhd/GFsb2ctbWVkaWEvc2kvMS8wM0E5MkY3RDI4MzgyOTNCRTZGQjU1MzU/3RjFFOTczMTczNjU1NkYzQjkwRDYzQzEyQ0ZENEMyNkNBMTVGMkUzLmpwZw.jpg",
    "image_list": [
      "https://imgproxy-retcat.assets.schwarz/Of-qW69s_KZI_oz_itI3VHgaBjo5EaomY9ard9LkEGY/sm:1/w:427/h:320/cz/M6Ly9wcm9kLWNhd/GFsb2ctbWVkaWEvc2kvMS8wM0E5MkY3RDI4MzgyOTNCRTZGQjU1MzU/3RjFFOTczMTczNjU1NkYzQjkwRDYzQzEyQ0ZENEMyNkNBMTVGMkUzLmpwZw.jpg"
    ],
    "image_accessibility": "Steklenica penečega vina na modrem ozadju.",
    "detailed_images": [
      {
        "url": "https://imgproxy-retcat.assets.schwarz/Of-qW69s_KZI_oz_itI3VHgaBjo5EaomY9ard9LkEGY/sm:1/w:427/h:320/cz/M6Ly9wcm9kLWNhd/GFsb2ctbWVkaWEvc2kvMS8wM0E5MkY3RDI4MzgyOTNCRTZGQjU1MzU/3RjFFOTczMTczNjU1NkYzQjkwRDYzQzEyQ0ZENEMyNkNBMTVGMkUzLmpwZw.jpg",
        "accessibility": "Steklenica penečega vina na modrem ozadju."
      }
    ],
    "analytics_category": "Food",
    "more_details": "Dodatne podrobnosti o izdelku",
    "won_category_primary": "Svetovi potreb/Vino in žgane pijače/Šampanjec, peneče vino & Co./Peneče vino",
    "won_category_primary_path": "0/10/1012/101211",
    "canonical_path": "/p/radgonske-gorice-srebrna-radgonska-penina/p10082527",
    "canonical_url": "/p/radgonske-gorice-srebrna-radgonska-penina/p10082527",
    "awards": [],
    "seals": [
      {
        "altText": "Logotip Lidl Plus",
        "image": "https://imgproxy-retcat.assets.schwarz/DjNLhjIEpHeUFO-WYf3wploAS16YAf6tVgt5EMshyFs/sm:1/w:140/cz/M6Ly9wcm9kLWNhd/GFsb2ctbWVkaWEvc2kvMi9BMEU2QkJCNEZCQTZENzlEQ0MzRDRFOEM/2REREODBCRjMwQUNFQjJBMDBGREI4RjI1M0Y3MDYzOTFFMTg3RUVGLnBuZw.png"
      },
      {
        "altText": "Slovenski izdelek",
        "image": "https://imgproxy-retcat.assets.schwarz/065GlWscfuyzRNlqdEjgEaZNE6893872XSglFaanlJA/sm:1/w:140/cz/M6Ly9wcm9kLWNhd/GFsb2ctbWVkaWEvc2kvMi83RTk4NkYyRDk1MTlDRUJBNzA1N0JGMzA/1QjA1NjUyRjVCMjMzNzZGRjY4MzVEREFGQzIwQzE5NDVFQUE5M0RCLnBuZw.png"
      }
    ],
    "ribbons": [],
    "highlighted_seals": 0,
    "lidl_plus": [
      {
        "price": {
          "basePrice": {
            "prefix": false,
            "text": "1 l = 7.99"
          },
          "discount": {
            "deletedPrice": 9.99,
            "discountHasStar": false,
            "discountText": "- 40 %",
            "fromRecommendedPrice": false,
            "showDiscount": true,
            "showFrom": false,
            "showPercentage": true,
            "showUpTo": false
          },
          "displayedCurrency": "€",
          "hasStar": true,
          "hasVat": false,
          "oldPrice": 9.99,
          "packaging": {
            "text": "0,75 l"
          },
          "price": 5.99,
          "priceTheme": "red_yellow",
          "specialTaxes": []
        },
        "lidlPlusText": "z Lidl Plus",
        "highlightText": "- 40 %"
      }
    ],
    "regions": [],
    "ians": [
      "7301390"
    ],
    "show_brand": true,
    "deal_of_day_active": false,
    "full_title_meta": "RADGONSKE GORICE Srebrna radgonska penina",
    "lists": [
      4991
    ],
    "preview": false,
    "category_breadcrumbs": [
      {
        "id": "10068374",
        "name": "Hrana in pijača",
        "url": "/c/hrana-in-pijaca/s10068374",
        "hidden": false
      },
      {
        "id": "10071687",
        "name": "Vina in žgane pijače",
        "url": "/h/vina-in-zgane-pijace/h10071687",
        "hidden": false
      }
    ],
    "campaigns": [
      {
        "id": "Current_Sales_Week",
        "name": "Ta teden",
        "url": null,
        "hidden": false
      },
      {
        "id": "10024188",
        "name": "Lidl Plus",
        "url": "/c/lidl-plus/a10024188",
        "hidden": false
      }
    ],
    "world_of_needs_code": "101211",
    "world_of_needs_name": "Peneče vino",
    "world_of_needs_parent": "1012",
    "is_main_category": true,
    "super_categories": [
      {
        "code": "1012",
        "name": "Šampanjec, peneče vino & Co.",
        "parent": "10"
      },
      {
        "code": "10",
        "name": "Vino in žgane pijače",
        "parent": "0"
      },
      {
        "code": "0",
        "name": "Svetovi potreb",
        "parent": ""
      }
    ],
    "position": 171,
    "tracking_payload": {
      "searchTrackingMasterId": "Product.10082527",
      "searchTrackingTitle": "Srebrna+radgonska+penina",
      "searchTrackingPageSize": 100,
      "searchTrackingPage": 2,
      "searchTrackingEvent": "click",
      "list": "search",
      "searchTrackingId": "Product.10082527",
      "searchTrackingOrigPos": 1,
      "searchTrackingPos": 171,
      "searchTrackingOrigPageSize": 100,
      "searchTrackingChannel": "SI",
      "category": "Food"
    }
  },
  {
    "code": "10082529",
    "name": "Mleta kava classic",
    "url": "",
    "result_class": "product",
    "type": "product",
    "product_id": 10082529,
    "erp_number": "10082529",
    "item_id": 10082529,
    "full_title": "BARCAFFE Mleta kava classic",
    "title": "Mleta kava classic",
    "category": "Food",
    "product_type": "RETAIL",
    "age_restriction": false,
    "is_used_product": false,
    "multipack": false,
    "online": false,
    "store": false,
    "quick_add_to_cart": false,
    "flash_sales": false,
    "having_videos": false,
    "having_threesixty": false,
    "price": 4.29,
    "old_price": 0.0,
    "currency_code": "EUR",
    "currency_symbol": "€",
    "has_star": true,
    "has_vat": false,
    "price_theme": "white_red",
    "variants_have_different_prices": false,
    "base_price_text": "1 kg = 19.07",
    "base_price_prefix": false,
    "packaging_text": "225 g",
    "discount_deleted_price": null,
    "discount_text": "18 % CENEJE!**",
    "discount_percentage": null,
    "discount_has_star": false,
    "show_discount": false,
    "show_percentage": false,
    "from_recommended_price": false,
    "availability_indicator": 0,
    "online_available": false,
    "min_orderable_quantity": 1,
    "orderable_quantities": [],
    "badge_texts": [
      "V trgovini od 10.07. do 16.07."
    ],
    "badge_types": [
      "IN_STORE_FROM_FUTURE_DATE_RANGE"
    ],
    "main_image": "https://imgproxy-retcat.assets.schwarz/YurAKwbk3Caz-arrI30uVtm60ou2iycteTOY-hu6hSs/sm:1/w:427/h:320/cz/M6Ly9wcm9kLWNhd/GFsb2ctbWVkaWEvc2kvMS80RjgyNDZCQUI3REI1Q0I5MDYzMUZCRjE/1N0ExMzk0MzIxMEVGQUZENDQ4QTY4Rjg2OTVCODFCOTgyQ0UyMDQ5LmpwZw.jpg",
    "image_list": [
      "https://imgproxy-retcat.assets.schwarz/YurAKwbk3Caz-arrI30uVtm60ou2iycteTOY-hu6hSs/sm:1/w:427/h:320/cz/M6Ly9wcm9kLWNhd/GFsb2ctbWVkaWEvc2kvMS80RjgyNDZCQUI3REI1Q0I5MDYzMUZCRjE/1N0ExMzk0MzIxMEVGQUZENDQ4QTY4Rjg2OTVCODFCOTgyQ0UyMDQ5LmpwZw.jpg"
    ],
    "image_accessibility": "Paket Barcaffe Classic instant kave.",
    "detailed_images": [
      {
        "url": "https://imgproxy-retcat.assets.schwarz/YurAKwbk3Caz-arrI30uVtm60ou2iycteTOY-hu6hSs/sm:1/w:427/h:320/cz/M6Ly9wcm9kLWNhd/GFsb2ctbWVkaWEvc2kvMS80RjgyNDZCQUI3REI1Q0I5MDYzMUZCRjE/1N0ExMzk0MzIxMEVGQUZENDQ4QTY4Rjg2OTVCODFCOTgyQ0UyMDQ5LmpwZw.jpg",
        "accessibility": "Paket Barcaffe Classic instant kave."
      }
    ],
    "analytics_category": "Food",
    "more_details": "Dodatne podrobnosti o izdelku",
    "won_category_primary": "Svetovi potreb/Hrana in bližnja hrana/Kava, čaj in kakav",
    "won_category_primary_path": "0/17/1730",
    "canonical_path": "/p/barcaffe-mleta-kava-classic/p10082529",
    "canonical_url": "/p/barcaffe-mleta-kava-classic/p10082529",
    "awards": [],
    "seals": [
      {
        "altText": "Slovenski izdelek",
        "image": "https://imgproxy-retcat.assets.schwarz/065GlWscfuyzRNlqdEjgEaZNE6893872XSglFaanlJA/sm:1/w:140/cz/M6Ly9wcm9kLWNhd/GFsb2ctbWVkaWEvc2kvMi83RTk4NkYyRDk1MTlDRUJBNzA1N0JGMzA/1QjA1NjUyRjVCMjMzNzZGRjY4MzVEREFGQzIwQzE5NDVFQUE5M0RCLnBuZw.png"
      }
    ],
    "ribbons": [],
    "highlighted_seals": 0,
    "lidl_plus": [],
    "regions": [],
    "ians": [
      "7307540"
    ],
    "show_brand": true,
    "deal_of_day_active": false,
    "full_title_meta": "BARCAFFE Mleta kava classic",
    "lists": [
      4991
    ],
    "preview": false,
    "category_breadcrumbs": [
      {
        "id": "10068374",
        "name": "Hrana in pijača",
        "url": "/c/hrana-in-pijaca/s10068374",
        "hidden": false
      },
      {
        "id": "10071683",
        "name": "Kava, čaj in kakav",
        "url": "/h/kava-caj-in-kakav/h10071683",
        "hidden": false
      }
    ],
    "campaigns": [
      {
        "id": "Current_Sales_Week",
        "name": "Ta teden",
        "url": null,
        "hidden": false
      },
      {
        "id": "10075258",
        "name": "Tvoja Lidl cena",
        "url": "/c/tvoja-lidl-cena/a10075258",
        "hidden": false
      }
    ],
    "world_of_needs_code": "1730",
    "world_of_needs_name": "Kava, čaj in kakav",
    "world_of_needs_parent": "17",
    "is_main_category": true,
    "super_categories": [
      {
        "code": "17",
        "name": "Hrana in bližnja hrana",
        "parent": "0"
      },
      {
        "code": "0",
        "name": "Svetovi potreb",
        "parent": ""
      }
    ],
    "position": 172,
    "tracking_payload": {
      "searchTrackingMasterId": "Product.10082529",
      "searchTrackingTitle": "Mleta+kava+classic",
      "searchTrackingPageSize": 100,
      "searchTrackingPage": 2,
      "searchTrackingEvent": "click",
      "list": "search",
      "searchTrackingId": "Product.10082529",
      "searchTrackingOrigPos": 1,
      "searchTrackingPos": 172,
      "searchTrackingOrigPageSize": 100,
      "searchTrackingChannel": "SI",
      "category": "Food"
    }
  },
  {
    "code": "10082531",
    "name": "Pšenična bela moka",
    "url": "",
    "result_class": "product",
    "type": "product",
    "product_id": 10082531,
    "erp_number": "10082531",
    "item_id": 10082531,
    "full_title": "MLINOTEST Pšenična bela moka",
    "title": "Pšenična bela moka",
    "category": "Food",
    "product_type": "RETAIL",
    "age_restriction": false,
    "is_used_product": false,
    "multipack": false,
    "online": false,
    "store": false,
    "quick_add_to_cart": false,
    "flash_sales": false,
    "having_videos": false,
    "having_threesixty": false,
    "price": 2.49,
    "old_price": 0.0,
    "currency_code": "EUR",
    "currency_symbol": "€",
    "has_star": true,
    "has_vat": false,
    "price_theme": "white_red",
    "variants_have_different_prices": false,
    "base_price_text": "1 kg = 0.62",
    "base_price_prefix": false,
    "packaging_text": "4 x 1 kg",
    "discount_deleted_price": null,
    "discount_text": "ZGRABITE PRILOŽNOST!",
    "discount_percentage": null,
    "discount_has_star": false,
    "show_discount": false,
    "show_percentage": false,
    "from_recommended_price": false,
    "availability_indicator": 0,
    "online_available": false,
    "min_orderable_quantity": 1,
    "orderable_quantities": [],
    "badge_texts": [
      "V trgovini od 10.07. do 16.07."
    ],
    "badge_types": [
      "IN_STORE_FROM_FUTURE_DATE_RANGE"
    ],
    "main_image": "https://imgproxy-retcat.assets.schwarz/-dGtvu1S-q18FKuUDBKqcSa90oVcZKOaGu7HR5KuLuA/sm:1/w:427/h:320/cz/M6Ly9wcm9kLWNhd/GFsb2ctbWVkaWEvc2kvMS85NkZGMTBGMkQ3RUNFNjAzNDM0N0IzMEY/yRkM4QjZCNDY5MUE2MEUwQkVGNjA0MDQzQjM4NEI1OTkyQ0I3RUI3LmpwZw.jpg",
    "image_list": [
      "https://imgproxy-retcat.assets.schwarz/-dGtvu1S-q18FKuUDBKqcSa90oVcZKOaGu7HR5KuLuA/sm:1/w:427/h:320/cz/M6Ly9wcm9kLWNhd/GFsb2ctbWVkaWEvc2kvMS85NkZGMTBGMkQ3RUNFNjAzNDM0N0IzMEY/yRkM4QjZCNDY5MUE2MEUwQkVGNjA0MDQzQjM4NEI1OTkyQ0I3RUI3LmpwZw.jpg"
    ],
    "image_accessibility": "Dve pakiranji mlete kave Mokka znamke Koffiehuis.",
    "detailed_images": [
      {
        "url": "https://imgproxy-retcat.assets.schwarz/-dGtvu1S-q18FKuUDBKqcSa90oVcZKOaGu7HR5KuLuA/sm:1/w:427/h:320/cz/M6Ly9wcm9kLWNhd/GFsb2ctbWVkaWEvc2kvMS85NkZGMTBGMkQ3RUNFNjAzNDM0N0IzMEY/yRkM4QjZCNDY5MUE2MEUwQkVGNjA0MDQzQjM4NEI1OTkyQ0I3RUI3LmpwZw.jpg",
        "accessibility": "Dve pakiranji mlete kave Mokka znamke Koffiehuis."
      }
    ],
    "analytics_category": "Food",
    "more_details": "Dodatne podrobnosti o izdelku",
    "won_category_primary": "Svetovi potreb/Hrana in bližnja hrana/Jajca in osnovna živila (testenine, moka, stročnice itd.)",
    "won_category_primary_path": "0/17/1715",
    "canonical_path": "/p/mlinotest-psenicna-bela-moka/p10082531",
    "canonical_url": "/p/mlinotest-psenicna-bela-moka/p10082531",
    "awards": [],
    "seals": [
      {
        "altText": "Slovenski izdelek",
        "image": "https://imgproxy-retcat.assets.schwarz/065GlWscfuyzRNlqdEjgEaZNE6893872XSglFaanlJA/sm:1/w:140/cz/M6Ly9wcm9kLWNhd/GFsb2ctbWVkaWEvc2kvMi83RTk4NkYyRDk1MTlDRUJBNzA1N0JGMzA/1QjA1NjUyRjVCMjMzNzZGRjY4MzVEREFGQzIwQzE5NDVFQUE5M0RCLnBuZw.png"
      }
    ],
    "ribbons": [],
    "highlighted_seals": 0,
    "lidl_plus": [],
    "regions": [],
    "ians": [
      "4677"
    ],
    "show_brand": true,
    "deal_of_day_active": false,
    "full_title_meta": "MLINOTEST Pšenična bela moka",
    "lists": [
      4991
    ],
    "preview": false,
    "category_breadcrumbs": [
      {
        "id": "10068374",
        "name": "Hrana in pijača",
        "url": "/c/hrana-in-pijaca/s10068374",
        "hidden": false
      },
      {
        "id": "10071045",
        "name": "Jajca in osnovna živila",
        "url": "/h/jajca-in-osnovna-zivila/h10071045",
        "hidden": false
      }
    ],
    "campaigns": [
      {
        "id": "Current_Sales_Week",
        "name": "Ta teden",
        "url": null,
        "hidden": false
      },
      {
        "id": "10075258",
        "name": "Tvoja Lidl cena",
        "url": "/c/tvoja-lidl-cena/a10075258",
        "hidden": false
      }
    ],
    "world_of_needs_code": "1715",
    "world_of_needs_name": "Jajca in osnovna živila (testenine, moka, stročnice itd.)",
    "world_of_needs_parent": "17",
    "is_main_category": true,
    "super_categories": [
      {
        "code": "17",
        "name": "Hrana in bližnja hrana",
        "parent": "0"
      },
      {
        "code": "0",
        "name": "Svetovi potreb",
        "parent": ""
      }
    ],
    "position": 173,
    "tracking_payload": {
      "searchTrackingMasterId": "Product.10082531",
      "searchTrackingTitle": "P%C5%A1eni%C4%8Dna+bela+moka",
      "searchTrackingPageSize": 100,
      "searchTrackingPage": 2,
      "searchTrackingEvent": "click",
      "list": "search",
      "searchTrackingId": "Product.10082531",
      "searchTrackingOrigPos": 1,
      "searchTrackingPos": 173,
      "searchTrackingOrigPageSize": 100,
      "searchTrackingChannel": "SI",
      "category": "Food"
    }
  },
  {
    "code": "10082533",
    "name": "Sir Ementalec",
    "url": "",
    "result_class": "product",
    "type": "product",
    "product_id": 10082533,
    "erp_number": "10082533",
    "item_id": 10082533,
    "full_title": "PRESIDENT Sir Ementalec",
    "title": "Sir Ementalec",
    "category": "Food",
    "product_type": "RETAIL",
    "age_restriction": false,
    "is_used_product": false,
    "multipack": false,
    "online": false,
    "store": false,
    "quick_add_to_cart": false,
    "flash_sales": false,
    "having_videos": false,
    "having_threesixty": false,
    "price": 3.29,
    "old_price": 0.0,
    "currency_code": "EUR",
    "currency_symbol": "€",
    "has_star": true,
    "has_vat": false,
    "price_theme": "white_red",
    "variants_have_different_prices": false,
    "base_price_text": "1 kg = 13.16",
    "base_price_prefix": false,
    "packaging_text": "250 g",
    "discount_deleted_price": null,
    "discount_text": "ZGRABITE PRILOŽNOST!",
    "discount_percentage": null,
    "discount_has_star": false,
    "show_discount": false,
    "show_percentage": false,
    "from_recommended_price": false,
    "availability_indicator": 0,
    "online_available": false,
    "min_orderable_quantity": 1,
    "orderable_quantities": [],
    "badge_texts": [
      "V trgovini od 10.07. do 16.07."
    ],
    "badge_types": [
      "IN_STORE_FROM_FUTURE_DATE_RANGE"
    ],
    "main_image": "https://imgproxy-retcat.assets.schwarz/johTXWwa54QILTBfBSxVZQ_9BIX7KVEGvAOwyYY-3uw/sm:1/w:427/h:320/cz/M6Ly9wcm9kLWNhd/GFsb2ctbWVkaWEvc2kvMS80MjdEQTg3OEZCOTQ5QTI0MDhGNDI4QTE/3RTI2MzQ2NUQ0MzYxMkUxQTg5QTcxQTEyMTg5MTJFQzBDRTY5ODI5LmpwZw.jpg",
    "image_list": [
      "https://imgproxy-retcat.assets.schwarz/johTXWwa54QILTBfBSxVZQ_9BIX7KVEGvAOwyYY-3uw/sm:1/w:427/h:320/cz/M6Ly9wcm9kLWNhd/GFsb2ctbWVkaWEvc2kvMS80MjdEQTg3OEZCOTQ5QTI0MDhGNDI4QTE/3RTI2MzQ2NUQ0MzYxMkUxQTg5QTcxQTEyMTg5MTJFQzBDRTY5ODI5LmpwZw.jpg"
    ],
    "image_accessibility": "Paket narezanega sira Coeur de Lion.",
    "detailed_images": [
      {
        "url": "https://imgproxy-retcat.assets.schwarz/johTXWwa54QILTBfBSxVZQ_9BIX7KVEGvAOwyYY-3uw/sm:1/w:427/h:320/cz/M6Ly9wcm9kLWNhd/GFsb2ctbWVkaWEvc2kvMS80MjdEQTg3OEZCOTQ5QTI0MDhGNDI4QTE/3RTI2MzQ2NUQ0MzYxMkUxQTg5QTcxQTEyMTg5MTJFQzBDRTY5ODI5LmpwZw.jpg",
        "accessibility": "Paket narezanega sira Coeur de Lion."
      }
    ],
    "analytics_category": "Food",
    "more_details": "Dodatne podrobnosti o izdelku",
    "won_category_primary": "Svetovi potreb/Hrana in bližnja hrana/Sir in mlečni izdelki (vključno z maslom in sirom)",
    "won_category_primary_path": "0/17/1718",
    "canonical_path": "/p/president-sir-ementalec/p10082533",
    "canonical_url": "/p/president-sir-ementalec/p10082533",
    "awards": [],
    "seals": [
      {
        "altText": "Nalepka: Hlajeno",
        "image": "https://imgproxy-retcat.assets.schwarz/7x3Iby7aD19hFySDnP2YoXt7E1r0JrvJVj0QO1gUOes/sm:1/w:140/cz/M6Ly9wcm9kLWNhd/GFsb2ctbWVkaWEvc2kvMi8xMzFBN0E2RDlCREZGREQxOEE2OTFDNEZ/FNDE5RTM0QUMxQjY4OEQ0OUY2QTAxMTRDRjQ1RjdCNTNDRjM2NUJBLnBuZw.png"
      }
    ],
    "ribbons": [],
    "highlighted_seals": 0,
    "lidl_plus": [],
    "regions": [],
    "ians": [
      "7308718"
    ],
    "show_brand": true,
    "deal_of_day_active": false,
    "full_title_meta": "PRESIDENT Sir Ementalec",
    "lists": [
      4991
    ],
    "preview": false,
    "category_breadcrumbs": [
      {
        "id": "10068374",
        "name": "Hrana in pijača",
        "url": "/c/hrana-in-pijaca/s10068374",
        "hidden": false
      },
      {
        "id": "10071017",
        "name": " Sir &  Mlečni izdelki",
        "url": "/h/sir-mlecni-izdelki/h10071017",
        "hidden": false
      }
    ],
    "campaigns": [
      {
        "id": "Current_Sales_Week",
        "name": "Ta teden",
        "url": null,
        "hidden": false
      },
      {
        "id": "10075258",
        "name": "Tvoja Lidl cena",
        "url": "/c/tvoja-lidl-cena/a10075258",
        "hidden": false
      }
    ],
    "world_of_needs_code": "1718",
    "world_of_needs_name": "Sir in mlečni izdelki (vključno z maslom in sirom)",
    "world_of_needs_parent": "17",
    "is_main_category": true,
    "super_categories": [
      {
        "code": "17",
        "name": "Hrana in bližnja hrana",
        "parent": "0"
      },
      {
        "code": "0",
        "name": "Svetovi potreb",
        "parent": ""
      }
    ],
    "position": 174,
    "tracking_payload": {
      "searchTrackingMasterId": "Product.10082533",
      "searchTrackingTitle": "Sir+Ementalec",
      "searchTrackingPageSize": 100,
      "searchTrackingPage": 2,
      "searchTrackingEvent": "click",
      "list": "search",
      "searchTrackingId": "Product.10082533",
      "searchTrackingOrigPos": 1,
      "searchTrackingPos": 174,
      "searchTrackingOrigPageSize": 100,
      "searchTrackingChannel": "SI",
      "category": "Food"
    }
  },
  {
    "code": "10082535",
    "name": "Dalmatinska panceta",
    "url": "",
    "result_class": "product",
    "type": "product",
    "product_id": 10082535,
    "erp_number": "10082535",
    "item_id": 10082535,
    "full_title": "PIVAC Dalmatinska panceta",
    "title": "Dalmatinska panceta",
    "category": "Food",
    "product_type": "RETAIL",
    "age_restriction": false,
    "is_used_product": false,
    "multipack": false,
    "online": false,
    "store": false,
    "quick_add_to_cart": false,
    "flash_sales": false,
    "having_videos": false,
    "having_threesixty": false,
    "price": 9.99,
    "old_price": 0.0,
    "currency_code": "EUR",
    "currency_symbol": "€",
    "has_star": true,
    "has_vat": false,
    "price_theme": "white_red",
    "variants_have_different_prices": false,
    "base_price_text": "pribl. 800 g",
    "base_price_prefix": false,
    "packaging_text": "za kg",
    "discount_deleted_price": null,
    "discount_text": "ZGRABITE PRILOŽNOST!",
    "discount_percentage": null,
    "discount_has_star": false,
    "show_discount": false,
    "show_percentage": false,
    "from_recommended_price": false,
    "availability_indicator": 0,
    "online_available": false,
    "min_orderable_quantity": 1,
    "orderable_quantities": [],
    "badge_texts": [
      "V trgovini od 10.07. do 16.07."
    ],
    "badge_types": [
      "IN_STORE_FROM_FUTURE_DATE_RANGE"
    ],
    "main_image": "https://imgproxy-retcat.assets.schwarz/jfcjAk0-N1jQSxPRXkHsM0kJASR9A1oAvk8uYr27J1k/sm:1/w:427/h:320/cz/M6Ly9wcm9kLWNhd/GFsb2ctbWVkaWEvc2kvMS8yRjE2RDFGODA5MkZBMTU5RDVDREYwOEZ/CN0U2MTc3MkRGMUJFRTdGMkM4NDEwNDM1ODkyODFEQkE2Q0QzRjJDLmpwZw.jpg",
    "image_list": [
      "https://imgproxy-retcat.assets.schwarz/jfcjAk0-N1jQSxPRXkHsM0kJASR9A1oAvk8uYr27J1k/sm:1/w:427/h:320/cz/M6Ly9wcm9kLWNhd/GFsb2ctbWVkaWEvc2kvMS8yRjE2RDFGODA5MkZBMTU5RDVDREYwOEZ/CN0U2MTc3MkRGMUJFRTdGMkM4NDEwNDM1ODkyODFEQkE2Q0QzRjJDLmpwZw.jpg"
    ],
    "image_accessibility": "Sušena svinjska ušesa in slanina na leseni deski.",
    "detailed_images": [
      {
        "url": "https://imgproxy-retcat.assets.schwarz/jfcjAk0-N1jQSxPRXkHsM0kJASR9A1oAvk8uYr27J1k/sm:1/w:427/h:320/cz/M6Ly9wcm9kLWNhd/GFsb2ctbWVkaWEvc2kvMS8yRjE2RDFGODA5MkZBMTU5RDVDREYwOEZ/CN0U2MTc3MkRGMUJFRTdGMkM4NDEwNDM1ODkyODFEQkE2Q0QzRjJDLmpwZw.jpg",
        "accessibility": "Sušena svinjska ušesa in slanina na leseni deski."
      }
    ],
    "analytics_category": "Food",
    "more_details": "Dodatne podrobnosti o izdelku",
    "won_category_primary": "Svetovi potreb/Hrana in bližnja hrana/Klobase in meso",
    "won_category_primary_path": "0/17/1717",
    "canonical_path": "/p/pivac-dalmatinska-panceta/p10082535",
    "canonical_url": "/p/pivac-dalmatinska-panceta/p10082535",
    "awards": [],
    "seals": [
      {
        "altText": "Nalepka: Hlajeno",
        "image": "https://imgproxy-retcat.assets.schwarz/7x3Iby7aD19hFySDnP2YoXt7E1r0JrvJVj0QO1gUOes/sm:1/w:140/cz/M6Ly9wcm9kLWNhd/GFsb2ctbWVkaWEvc2kvMi8xMzFBN0E2RDlCREZGREQxOEE2OTFDNEZ/FNDE5RTM0QUMxQjY4OEQ0OUY2QTAxMTRDRjQ1RjdCNTNDRjM2NUJBLnBuZw.png"
      }
    ],
    "ribbons": [],
    "highlighted_seals": 0,
    "lidl_plus": [],
    "regions": [],
    "ians": [
      "6906932"
    ],
    "show_brand": true,
    "deal_of_day_active": false,
    "full_title_meta": "PIVAC Dalmatinska panceta",
    "lists": [
      4991
    ],
    "preview": false,
    "category_breadcrumbs": [
      {
        "id": "10068374",
        "name": "Hrana in pijača",
        "url": "/c/hrana-in-pijaca/s10068374",
        "hidden": false
      },
      {
        "id": "10071016",
        "name": "Meso in mesni izdelki",
        "url": "/h/meso-in-mesni-izdelki/h10071016",
        "hidden": false
      }
    ],
    "campaigns": [
      {
        "id": "Current_Sales_Week",
        "name": "Ta teden",
        "url": null,
        "hidden": false
      },
      {
        "id": "10075258",
        "name": "Tvoja Lidl cena",
        "url": "/c/tvoja-lidl-cena/a10075258",
        "hidden": false
      }
    ],
    "world_of_needs_code": "1717",
    "world_of_needs_name": "Klobase in meso",
    "world_of_needs_parent": "17",
    "is_main_category": true,
    "super_categories": [
      {
        "code": "17",
        "name": "Hrana in bližnja hrana",
        "parent": "0"
      },
      {
        "code": "0",
        "name": "Svetovi potreb",
        "parent": ""
      }
    ],
    "position": 175,
    "tracking_payload": {
      "searchTrackingMasterId": "Product.10082535",
      "searchTrackingTitle": "Dalmatinska+panceta",
      "searchTrackingPageSize": 100,
      "searchTrackingPage": 2,
      "searchTrackingEvent": "click",
      "list": "search",
      "searchTrackingId": "Product.10082535",
      "searchTrackingOrigPos": 1,
      "searchTrackingPos": 175,
      "searchTrackingOrigPageSize": 100,
      "searchTrackingChannel": "SI",
      "category": "Food"
    }
  },
  {
    "code": "10082537",
    "name": "Dalmatinski dimljen kare",
    "url": "",
    "result_class": "product",
    "type": "product",
    "product_id": 10082537,
    "erp_number": "10082537",
    "item_id": 10082537,
    "full_title": "PIVAC Dalmatinski dimljen kare",
    "title": "Dalmatinski dimljen kare",
    "category": "Food",
    "product_type": "RETAIL",
    "age_restriction": false,
    "is_used_product": false,
    "multipack": false,
    "online": false,
    "store": false,
    "quick_add_to_cart": false,
    "flash_sales": false,
    "having_videos": false,
    "having_threesixty": false,
    "price": 14.99,
    "old_price": 0.0,
    "currency_code": "EUR",
    "currency_symbol": "€",
    "has_star": true,
    "has_vat": false,
    "price_theme": "white_red",
    "variants_have_different_prices": false,
    "base_price_text": "pribl. 400 g",
    "base_price_prefix": false,
    "packaging_text": "za kg",
    "discount_deleted_price": null,
    "discount_text": "ZGRABITE PRILOŽNOST!",
    "discount_percentage": null,
    "discount_has_star": false,
    "show_discount": false,
    "show_percentage": false,
    "from_recommended_price": false,
    "availability_indicator": 0,
    "online_available": false,
    "min_orderable_quantity": 1,
    "orderable_quantities": [],
    "badge_texts": [
      "V trgovini od 10.07. do 16.07."
    ],
    "badge_types": [
      "IN_STORE_FROM_FUTURE_DATE_RANGE"
    ],
    "main_image": "https://imgproxy-retcat.assets.schwarz/ZgmdmRc-7087r3ZxENOR3Mome43jZ2Ji9YPsJwW0V7M/sm:1/w:427/h:320/cz/M6Ly9wcm9kLWNhd/GFsb2ctbWVkaWEvc2kvMS9BQjYyQkNEQ0FFNUM2QjUzRTAwMTVDQTl/FMjBDMjkyRTNCNEY1Qzk2MUNDMDlDODM0NEFDNzk0NzExRDIzMjU0LmpwZw.jpg",
    "image_list": [
      "https://imgproxy-retcat.assets.schwarz/ZgmdmRc-7087r3ZxENOR3Mome43jZ2Ji9YPsJwW0V7M/sm:1/w:427/h:320/cz/M6Ly9wcm9kLWNhd/GFsb2ctbWVkaWEvc2kvMS9BQjYyQkNEQ0FFNUM2QjUzRTAwMTVDQTl/FMjBDMjkyRTNCNEY1Qzk2MUNDMDlDODM0NEFDNzk0NzExRDIzMjU0LmpwZw.jpg"
    ],
    "image_accessibility": "Na leseni deski so rezine pečenega mesa in kos celotnega mesa.",
    "detailed_images": [
      {
        "url": "https://imgproxy-retcat.assets.schwarz/ZgmdmRc-7087r3ZxENOR3Mome43jZ2Ji9YPsJwW0V7M/sm:1/w:427/h:320/cz/M6Ly9wcm9kLWNhd/GFsb2ctbWVkaWEvc2kvMS9BQjYyQkNEQ0FFNUM2QjUzRTAwMTVDQTl/FMjBDMjkyRTNCNEY1Qzk2MUNDMDlDODM0NEFDNzk0NzExRDIzMjU0LmpwZw.jpg",
        "accessibility": "Na leseni deski so rezine pečenega mesa in kos celotnega mesa."
      }
    ],
    "analytics_category": "Food",
    "more_details": "Dodatne podrobnosti o izdelku",
    "won_category_primary": "Svetovi potreb/Hrana in bližnja hrana/Klobase in meso",
    "won_category_primary_path": "0/17/1717",
    "canonical_path": "/p/pivac-dalmatinski-dimljen-kare/p10082537",
    "canonical_url": "/p/pivac-dalmatinski-dimljen-kare/p10082537",
    "awards": [],
    "seals": [
      {
        "altText": "Nalepka: Hlajeno",
        "image": "https://imgproxy-retcat.assets.schwarz/7x3Iby7aD19hFySDnP2YoXt7E1r0JrvJVj0QO1gUOes/sm:1/w:140/cz/M6Ly9wcm9kLWNhd/GFsb2ctbWVkaWEvc2kvMi8xMzFBN0E2RDlCREZGREQxOEE2OTFDNEZ/FNDE5RTM0QUMxQjY4OEQ0OUY2QTAxMTRDRjQ1RjdCNTNDRjM2NUJBLnBuZw.png"
      }
    ],
    "ribbons": [],
    "highlighted_seals": 0,
    "lidl_plus": [],
    "regions": [],
    "ians": [
      "6906719"
    ],
    "show_brand": true,
    "deal_of_day_active": false,
    "full_title_meta": "PIVAC Dalmatinski dimljen kare",
    "lists": [
      4991
    ],
    "preview": false,
    "category_breadcrumbs": [
      {
        "id": "10068374",
        "name": "Hrana in pijača",
        "url": "/c/hrana-in-pijaca/s10068374",
        "hidden": false
      },
      {
        "id": "10071016",
        "name": "Meso in mesni izdelki",
        "url": "/h/meso-in-mesni-izdelki/h10071016",
        "hidden": false
      }
    ],
    "campaigns": [
      {
        "id": "Current_Sales_Week",
        "name": "Ta teden",
        "url": null,
        "hidden": false
      },
      {
        "id": "10075258",
        "name": "Tvoja Lidl cena",
        "url": "/c/tvoja-lidl-cena/a10075258",
        "hidden": false
      }
    ],
    "world_of_needs_code": "1717",
    "world_of_needs_name": "Klobase in meso",
    "world_of_needs_parent": "17",
    "is_main_category": true,
    "super_categories": [
      {
        "code": "17",
        "name": "Hrana in bližnja hrana",
        "parent": "0"
      },
      {
        "code": "0",
        "name": "Svetovi potreb",
        "parent": ""
      }
    ],
    "position": 176,
    "tracking_payload": {
      "searchTrackingMasterId": "Product.10082537",
      "searchTrackingTitle": "Dalmatinski+dimljen+kare",
      "searchTrackingPageSize": 100,
      "searchTrackingPage": 2,
      "searchTrackingEvent": "click",
      "list": "search",
      "searchTrackingId": "Product.10082537",
      "searchTrackingOrigPos": 1,
      "searchTrackingPos": 176,
      "searchTrackingOrigPageSize": 100,
      "searchTrackingChannel": "SI",
      "category": "Food"
    }
  },
  {
    "code": "10082539",
    "name": "Nutella",
    "url": "",
    "result_class": "product",
    "type": "product",
    "product_id": 10082539,
    "erp_number": "10082539",
    "item_id": 10082539,
    "full_title": "FERRERO Nutella",
    "title": "Nutella",
    "category": "Food",
    "product_type": "RETAIL",
    "age_restriction": false,
    "is_used_product": false,
    "multipack": false,
    "online": false,
    "store": false,
    "quick_add_to_cart": false,
    "flash_sales": false,
    "having_videos": false,
    "having_threesixty": false,
    "price": 6.49,
    "old_price": 0.0,
    "currency_code": "EUR",
    "currency_symbol": "€",
    "has_star": true,
    "has_vat": false,
    "price_theme": "white_red",
    "variants_have_different_prices": false,
    "base_price_text": "1 kg = 7.87",
    "base_price_prefix": false,
    "packaging_text": "825 g",
    "discount_deleted_price": null,
    "discount_text": "75 g GRATIS!**",
    "discount_percentage": null,
    "discount_has_star": false,
    "show_discount": false,
    "show_percentage": false,
    "from_recommended_price": false,
    "availability_indicator": 0,
    "online_available": false,
    "min_orderable_quantity": 1,
    "orderable_quantities": [],
    "badge_texts": [
      "V trgovini od 10.07. do 16.07."
    ],
    "badge_types": [
      "IN_STORE_FROM_FUTURE_DATE_RANGE"
    ],
    "main_image": "https://imgproxy-retcat.assets.schwarz/NjKO1iTBqMlEmyZMa_JPHWq579DML4DXYSO54OPTJOg/sm:1/w:427/h:320/cz/M6Ly9wcm9kLWNhd/GFsb2ctbWVkaWEvc2kvMS80NDM4Q0Y2REJGNEM3OUFDQjZFRkVGNkJ/CRkNGOEU1QjNBQUY4NkQ1RTI5OTczMEZDNjFCRDhCMTdERTEwQTNFLmpwZw.jpg",
    "image_list": [
      "https://imgproxy-retcat.assets.schwarz/NjKO1iTBqMlEmyZMa_JPHWq579DML4DXYSO54OPTJOg/sm:1/w:427/h:320/cz/M6Ly9wcm9kLWNhd/GFsb2ctbWVkaWEvc2kvMS80NDM4Q0Y2REJGNEM3OUFDQjZFRkVGNkJ/CRkNGOEU1QjNBQUY4NkQ1RTI5OTczMEZDNjFCRDhCMTdERTEwQTNFLmpwZw.jpg"
    ],
    "image_accessibility": "Kozarček Nutelle, čokoladnega namazka z lešniki.",
    "detailed_images": [
      {
        "url": "https://imgproxy-retcat.assets.schwarz/NjKO1iTBqMlEmyZMa_JPHWq579DML4DXYSO54OPTJOg/sm:1/w:427/h:320/cz/M6Ly9wcm9kLWNhd/GFsb2ctbWVkaWEvc2kvMS80NDM4Q0Y2REJGNEM3OUFDQjZFRkVGNkJ/CRkNGOEU1QjNBQUY4NkQ1RTI5OTczMEZDNjFCRDhCMTdERTEwQTNFLmpwZw.jpg",
        "accessibility": "Kozarček Nutelle, čokoladnega namazka z lešniki."
      }
    ],
    "analytics_category": "Food",
    "more_details": "Dodatne podrobnosti o izdelku",
    "won_category_primary": "Svetovi potreb/Hrana in bližnja hrana/Džem, marmelada in med",
    "won_category_primary_path": "0/17/1712",
    "canonical_path": "/p/ferrero-nutella/p10082539",
    "canonical_url": "/p/ferrero-nutella/p10082539",
    "awards": [],
    "seals": [],
    "ribbons": [],
    "highlighted_seals": 0,
    "lidl_plus": [],
    "regions": [],
    "ians": [
      "206100"
    ],
    "show_brand": true,
    "deal_of_day_active": false,
    "full_title_meta": "FERRERO Nutella",
    "lists": [
      4991
    ],
    "preview": false,
    "category_breadcrumbs": [
      {
        "id": "10068374",
        "name": "Hrana in pijača",
        "url": "/c/hrana-in-pijaca/s10068374",
        "hidden": false
      },
      {
        "id": "10071684",
        "name": "Džemi in namazi",
        "url": "/h/dzemi-in-namazi/h10071684",
        "hidden": false
      }
    ],
    "campaigns": [
      {
        "id": "Current_Sales_Week",
        "name": "Ta teden",
        "url": null,
        "hidden": false
      },
      {
        "id": "10075258",
        "name": "Tvoja Lidl cena",
        "url": "/c/tvoja-lidl-cena/a10075258",
        "hidden": false
      }
    ],
    "world_of_needs_code": "1712",
    "world_of_needs_name": "Džem, marmelada in med",
    "world_of_needs_parent": "17",
    "is_main_category": true,
    "super_categories": [
      {
        "code": "17",
        "name": "Hrana in bližnja hrana",
        "parent": "0"
      },
      {
        "code": "0",
        "name": "Svetovi potreb",
        "parent": ""
      }
    ],
    "position": 177,
    "tracking_payload": {
      "searchTrackingMasterId": "Product.10082539",
      "searchTrackingTitle": "Nutella",
      "searchTrackingPageSize": 100,
      "searchTrackingPage": 2,
      "searchTrackingEvent": "click",
      "list": "search",
      "searchTrackingId": "Product.10082539",
      "searchTrackingOrigPos": 1,
      "searchTrackingPos": 177,
      "searchTrackingOrigPageSize": 100,
      "searchTrackingChannel": "SI",
      "category": "Food"
    }
  },
  {
    "code": "10082541",
    "name": "Izbor čokoladnih izdelkov",
    "url": "",
    "result_class": "product",
    "type": "product",
    "product_id": 10082541,
    "erp_number": "10082541",
    "item_id": 10082541,
    "full_title": "KINDER/FERRERO Izbor čokoladnih izdelkov",
    "title": "Izbor čokoladnih izdelkov",
    "category": "Food",
    "product_type": "RETAIL",
    "age_restriction": false,
    "is_used_product": false,
    "multipack": false,
    "online": false,
    "store": false,
    "quick_add_to_cart": false,
    "flash_sales": false,
    "having_videos": false,
    "having_threesixty": false,
    "price": 1.35,
    "old_price": 0.0,
    "currency_code": "EUR",
    "currency_symbol": "€",
    "has_star": true,
    "has_vat": false,
    "price_theme": "white_red",
    "variants_have_different_prices": false,
    "base_price_text": null,
    "base_price_prefix": null,
    "packaging_text": null,
    "discount_deleted_price": null,
    "discount_text": "že od",
    "discount_percentage": null,
    "discount_has_star": false,
    "show_discount": false,
    "show_percentage": false,
    "from_recommended_price": false,
    "availability_indicator": 0,
    "online_available": false,
    "min_orderable_quantity": 1,
    "orderable_quantities": [],
    "badge_texts": [
      "V trgovini od 10.07. do 16.07."
    ],
    "badge_types": [
      "IN_STORE_FROM_FUTURE_DATE_RANGE"
    ],
    "main_image": "https://imgproxy-retcat.assets.schwarz/xNXUquhDb4iNJI0q2s1xBbbDeaDdJyTGzjeau2qAICo/sm:1/w:427/h:320/cz/M6Ly9wcm9kLWNhd/GFsb2ctbWVkaWEvc2kvMS9BMkQ4RENFQTY4ODQ1M0RCOTE3RjFCOTk/1M0FFNjVBMUQzRDA5QzNFMzk1OUY0M0JBQkY2OTg2NEM5QTdDODhDLmpwZw.jpg",
    "image_list": [
      "https://imgproxy-retcat.assets.schwarz/xNXUquhDb4iNJI0q2s1xBbbDeaDdJyTGzjeau2qAICo/sm:1/w:427/h:320/cz/M6Ly9wcm9kLWNhd/GFsb2ctbWVkaWEvc2kvMS9BMkQ4RENFQTY4ODQ1M0RCOTE3RjFCOTk/1M0FFNjVBMUQzRDA5QzNFMzk1OUY0M0JBQkY2OTg2NEM5QTdDODhDLmpwZw.jpg",
      "https://imgproxy-retcat.assets.schwarz/x6-rpJc9EwMTpw7IQyyR7lWibxHYGT7bDvA0yn9CYTU/sm:1/w:427/h:320/cz/M6Ly9wcm9kLWNhd/GFsb2ctbWVkaWEvc2kvMS82NzA0MTdCNUU5NTI5QzIzOThGOUNBMzc/0N0MzODk5OTVGQzY1MUUwODFGN0ExQ0EzMjE0MkY3QzQxMEJGRDY1LmpwZw.jpg",
      "https://imgproxy-retcat.assets.schwarz/Ui_O6wONlwL3bHicRreC-XKCprR_V4eqzE-4A6R4ejM/sm:1/w:427/h:320/cz/M6Ly9wcm9kLWNhd/GFsb2ctbWVkaWEvc2kvMS9FMEFCNEY4QTU1NjMzOTY4QjIxREM0M0E/4RkRFQTRGNkE2NzE4M0RCRkQyQUZGQUZFQkE2MDg5REUzOEQwQjBGLmpwZw.jpg"
    ],
    "image_accessibility": "Različne sladice in prigrizki Ferrero, vključno z Nutello in Kinder izdelki.",
    "detailed_images": [
      {
        "url": "https://imgproxy-retcat.assets.schwarz/xNXUquhDb4iNJI0q2s1xBbbDeaDdJyTGzjeau2qAICo/sm:1/w:427/h:320/cz/M6Ly9wcm9kLWNhd/GFsb2ctbWVkaWEvc2kvMS9BMkQ4RENFQTY4ODQ1M0RCOTE3RjFCOTk/1M0FFNjVBMUQzRDA5QzNFMzk1OUY0M0JBQkY2OTg2NEM5QTdDODhDLmpwZw.jpg",
        "accessibility": "Različne sladice in prigrizki Ferrero, vključno z Nutello in Kinder izdelki."
      },
      {
        "url": "https://imgproxy-retcat.assets.schwarz/x6-rpJc9EwMTpw7IQyyR7lWibxHYGT7bDvA0yn9CYTU/sm:1/w:427/h:320/cz/M6Ly9wcm9kLWNhd/GFsb2ctbWVkaWEvc2kvMS82NzA0MTdCNUU5NTI5QzIzOThGOUNBMzc/0N0MzODk5OTVGQzY1MUUwODFGN0ExQ0EzMjE0MkY3QzQxMEJGRDY1LmpwZw.jpg",
        "accessibility": "Paket Kinder Bueno White čokoladnih ploščic."
      },
      {
        "url": "https://imgproxy-retcat.assets.schwarz/Ui_O6wONlwL3bHicRreC-XKCprR_V4eqzE-4A6R4ejM/sm:1/w:427/h:320/cz/M6Ly9wcm9kLWNhd/GFsb2ctbWVkaWEvc2kvMS9FMEFCNEY4QTU1NjMzOTY4QjIxREM0M0E/4RkRFQTRGNkE2NzE4M0RCRkQyQUZGQUZFQkE2MDg5REUzOEQwQjBGLmpwZw.jpg",
        "accessibility": "Kinder Joy jajce s presenečenjem."
      }
    ],
    "analytics_category": "Food",
    "more_details": "Dodatne podrobnosti o izdelku",
    "won_category_primary": "Svetovi potreb/Hrana in bližnja hrana/Prigrizki in slaščice",
    "won_category_primary_path": "0/17/1721",
    "canonical_path": "/p/kinder-ferrero-izbor-cokoladnih-izdelkov/p10082541",
    "canonical_url": "/p/kinder-ferrero-izbor-cokoladnih-izdelkov/p10082541",
    "awards": [],
    "seals": [],
    "ribbons": [],
    "highlighted_seals": 0,
    "lidl_plus": [],
    "regions": [],
    "ians": [
      "6901036"
    ],
    "show_brand": true,
    "deal_of_day_active": false,
    "full_title_meta": "KINDER/FERRERO Izbor čokoladnih izdelkov",
    "lists": [
      4991
    ],
    "preview": false,
    "category_breadcrumbs": [
      {
        "id": "10068374",
        "name": "Hrana in pijača",
        "url": "/c/hrana-in-pijaca/s10068374",
        "hidden": false
      },
      {
        "id": "10071044",
        "name": "Prigrizki in sladkarije",
        "url": "/h/prigrizki-in-sladkarije/h10071044",
        "hidden": false
      }
    ],
    "campaigns": [
      {
        "id": "Current_Sales_Week",
        "name": "Ta teden",
        "url": null,
        "hidden": false
      },
      {
        "id": "10075258",
        "name": "Tvoja Lidl cena",
        "url": "/c/tvoja-lidl-cena/a10075258",
        "hidden": false
      }
    ],
    "world_of_needs_code": "1721",
    "world_of_needs_name": "Prigrizki in slaščice",
    "world_of_needs_parent": "17",
    "is_main_category": true,
    "super_categories": [
      {
        "code": "17",
        "name": "Hrana in bližnja hrana",
        "parent": "0"
      },
      {
        "code": "0",
        "name": "Svetovi potreb",
        "parent": ""
      }
    ],
    "position": 178,
    "tracking_payload": {
      "searchTrackingMasterId": "Product.10082541",
      "searchTrackingTitle": "Izbor+%C4%8Dokoladnih+izdelkov",
      "searchTrackingPageSize": 100,
      "searchTrackingPage": 2,
      "searchTrackingEvent": "click",
      "list": "search",
      "searchTrackingId": "Product.10082541",
      "searchTrackingOrigPos": 1,
      "searchTrackingPos": 178,
      "searchTrackingOrigPageSize": 100,
      "searchTrackingChannel": "SI",
      "category": "Food"
    }
  },
  {
    "code": "10082543",
    "name": "Sončnično olje, 10 l",
    "url": "",
    "result_class": "product",
    "type": "product",
    "product_id": 10082543,
    "erp_number": "10082543",
    "item_id": 10082543,
    "full_title": "SONČNI CVET Sončnično olje, 10 l",
    "title": "Sončnično olje, 10 l",
    "category": "Food",
    "product_type": "RETAIL",
    "age_restriction": false,
    "is_used_product": false,
    "multipack": false,
    "online": false,
    "store": false,
    "quick_add_to_cart": false,
    "flash_sales": false,
    "having_videos": false,
    "having_threesixty": false,
    "price": 14.99,
    "old_price": 0.0,
    "currency_code": "EUR",
    "currency_symbol": "€",
    "has_star": true,
    "has_vat": false,
    "price_theme": "white_red",
    "variants_have_different_prices": false,
    "base_price_text": "1 l = 1.50",
    "base_price_prefix": false,
    "packaging_text": "10 l",
    "discount_deleted_price": null,
    "discount_text": "ZGRABITE PRILOŽNOST!",
    "discount_percentage": null,
    "discount_has_star": false,
    "show_discount": false,
    "show_percentage": false,
    "from_recommended_price": false,
    "availability_indicator": 0,
    "online_available": false,
    "min_orderable_quantity": 1,
    "orderable_quantities": [],
    "badge_texts": [
      "V trgovini od 10.07. do 16.07."
    ],
    "badge_types": [
      "IN_STORE_FROM_FUTURE_DATE_RANGE"
    ],
    "main_image": "https://imgproxy-retcat.assets.schwarz/zq5hpO7v9TAuoUTESamzqWhN9Q7PKcnoTtzST1UCtZU/sm:1/w:427/h:320/cz/M6Ly9wcm9kLWNhd/GFsb2ctbWVkaWEvc2kvMS8xM0M2NzBENzMxRjk1NEI4QTM1RTUyOUI/2MjU2N0FFNEY4MTYzRjkyOUIyNEIzNDgyRDE4NTUwMkIwQTU3ODA1LmpwZw.jpg",
    "image_list": [
      "https://imgproxy-retcat.assets.schwarz/zq5hpO7v9TAuoUTESamzqWhN9Q7PKcnoTtzST1UCtZU/sm:1/w:427/h:320/cz/M6Ly9wcm9kLWNhd/GFsb2ctbWVkaWEvc2kvMS8xM0M2NzBENzMxRjk1NEI4QTM1RTUyOUI/2MjU2N0FFNEY4MTYzRjkyOUIyNEIzNDgyRDE4NTUwMkIwQTU3ODA1LmpwZw.jpg"
    ],
    "image_accessibility": "Steklenica sončničnega olja JUICY.",
    "detailed_images": [
      {
        "url": "https://imgproxy-retcat.assets.schwarz/zq5hpO7v9TAuoUTESamzqWhN9Q7PKcnoTtzST1UCtZU/sm:1/w:427/h:320/cz/M6Ly9wcm9kLWNhd/GFsb2ctbWVkaWEvc2kvMS8xM0M2NzBENzMxRjk1NEI4QTM1RTUyOUI/2MjU2N0FFNEY4MTYzRjkyOUIyNEIzNDgyRDE4NTUwMkIwQTU3ODA1LmpwZw.jpg",
        "accessibility": "Steklenica sončničnega olja JUICY."
      }
    ],
    "analytics_category": "Food",
    "more_details": "Dodatne podrobnosti o izdelku",
    "won_category_primary": "Svetovi potreb/Hrana in bližnja hrana/Maščobe, olja, kis in konzerve",
    "won_category_primary_path": "0/17/1735",
    "canonical_path": "/p/soncni-cvet-soncnicno-olje-10-l/p10082543",
    "canonical_url": "/p/soncni-cvet-soncnicno-olje-10-l/p10082543",
    "awards": [],
    "seals": [
      {
        "altText": "Slovenski izdelek",
        "image": "https://imgproxy-retcat.assets.schwarz/065GlWscfuyzRNlqdEjgEaZNE6893872XSglFaanlJA/sm:1/w:140/cz/M6Ly9wcm9kLWNhd/GFsb2ctbWVkaWEvc2kvMi83RTk4NkYyRDk1MTlDRUJBNzA1N0JGMzA/1QjA1NjUyRjVCMjMzNzZGRjY4MzVEREFGQzIwQzE5NDVFQUE5M0RCLnBuZw.png"
      }
    ],
    "ribbons": [],
    "highlighted_seals": 0,
    "lidl_plus": [],
    "regions": [],
    "ians": [
      "4450"
    ],
    "show_brand": true,
    "deal_of_day_active": false,
    "full_title_meta": "SONČNI CVET Sončnično olje, 10 l",
    "lists": [
      4991
    ],
    "preview": false,
    "category_breadcrumbs": [
      {
        "id": "10068374",
        "name": "Hrana in pijača",
        "url": "/c/hrana-in-pijaca/s10068374",
        "hidden": false
      },
      {
        "id": "10071681",
        "name": "Maščobe, olja, kis in konzerve",
        "url": "/h/mascobe-olja-kis-in-konzerve/h10071681",
        "hidden": false
      }
    ],
    "campaigns": [
      {
        "id": "Current_Sales_Week",
        "name": "Ta teden",
        "url": null,
        "hidden": false
      },
      {
        "id": "10075258",
        "name": "Tvoja Lidl cena",
        "url": "/c/tvoja-lidl-cena/a10075258",
        "hidden": false
      }
    ],
    "world_of_needs_code": "1735",
    "world_of_needs_name": "Maščobe, olja, kis in konzerve",
    "world_of_needs_parent": "17",
    "is_main_category": true,
    "super_categories": [
      {
        "code": "17",
        "name": "Hrana in bližnja hrana",
        "parent": "0"
      },
      {
        "code": "0",
        "name": "Svetovi potreb",
        "parent": ""
      }
    ],
    "position": 179,
    "tracking_payload": {
      "searchTrackingMasterId": "Product.10082543",
      "searchTrackingTitle": "Son%C4%8Dni%C4%8Dno+olje%2C+10+l",
      "searchTrackingPageSize": 100,
      "searchTrackingPage": 2,
      "searchTrackingEvent": "click",
      "list": "search",
      "searchTrackingId": "Product.10082543",
      "searchTrackingOrigPos": 1,
      "searchTrackingPos": 179,
      "searchTrackingOrigPageSize": 100,
      "searchTrackingChannel": "SI",
      "category": "Food"
    }
  },
  {
    "code": "10082545",
    "name": "Kristalni sladkor",
    "url": "",
    "result_class": "product",
    "type": "product",
    "product_id": 10082545,
    "erp_number": "10082545",
    "item_id": 10082545,
    "full_title": "KIARA Kristalni sladkor",
    "title": "Kristalni sladkor",
    "category": "Food",
    "product_type": "RETAIL",
    "age_restriction": false,
    "is_used_product": false,
    "multipack": false,
    "online": false,
    "store": false,
    "quick_add_to_cart": false,
    "flash_sales": false,
    "having_videos": false,
    "having_threesixty": false,
    "price": 7.49,
    "old_price": 0.0,
    "currency_code": "EUR",
    "currency_symbol": "€",
    "has_star": true,
    "has_vat": false,
    "price_theme": "white_red",
    "variants_have_different_prices": false,
    "base_price_text": "1 kg = 0.75",
    "base_price_prefix": false,
    "packaging_text": "10 x 1 kg",
    "discount_deleted_price": null,
    "discount_text": "4 kg GRATIS!**",
    "discount_percentage": null,
    "discount_has_star": false,
    "show_discount": false,
    "show_percentage": false,
    "from_recommended_price": false,
    "availability_indicator": 0,
    "online_available": false,
    "min_orderable_quantity": 1,
    "orderable_quantities": [],
    "badge_texts": [
      "V trgovini od 10.07. do 16.07."
    ],
    "badge_types": [
      "IN_STORE_FROM_FUTURE_DATE_RANGE"
    ],
    "main_image": "https://imgproxy-retcat.assets.schwarz/J3hKNZU5Fy1Q-OEHW8sDXQ0F0-qlc5F1R-Npnb3_fvU/sm:1/w:427/h:320/cz/M6Ly9wcm9kLWNhd/GFsb2ctbWVkaWEvc2kvMS8zNDEwQzY1RjI1QkFGRDg5Q0VGQzQ0REE/wRDg2MzlCQjQzQ0EwNDkwMDJDNDg5NzZDQjdEQ0Y3QTg0RUMzOUJFLmpwZw.jpg",
    "image_list": [
      "https://imgproxy-retcat.assets.schwarz/J3hKNZU5Fy1Q-OEHW8sDXQ0F0-qlc5F1R-Npnb3_fvU/sm:1/w:427/h:320/cz/M6Ly9wcm9kLWNhd/GFsb2ctbWVkaWEvc2kvMS8zNDEwQzY1RjI1QkFGRDg5Q0VGQzQ0REE/wRDg2MzlCQjQzQ0EwNDkwMDJDNDg5NzZDQjdEQ0Y3QTg0RUMzOUJFLmpwZw.jpg",
      "https://imgproxy-retcat.assets.schwarz/HX15k0fEPD3tfwGkDDAIyL5sMW6DfhTUZ0AZcSse4rY/sm:1/w:427/h:320/cz/M6Ly9wcm9kLWNhd/GFsb2ctbWVkaWEvc2kvMS85MTJENDI3MDZGNzRGMUUyRDdCM0FFM0M/yNzgzNUJDREM0QTE5NTlCM0NDRTg1QUY4QTM4QzdFNDcwNkJBMzhELmpwZw.jpg",
      "https://imgproxy-retcat.assets.schwarz/caChPeCt_4QZcREOdVtomCjXGwC4nY5CwMfTGrb3EH8/sm:1/w:427/h:320/cz/M6Ly9wcm9kLWNhd/GFsb2ctbWVkaWEvc2kvMS9FRTkwNDJDRDI3Q0Q5QUMwMzNERjM1MDk/2ODI4NEY2MTJFRkNCNzY1MDQ0NkQ3QTdDOUI0NTI4NjcyMjM4OURELmpwZw.jpg"
    ],
    "image_accessibility": "Pakiranje papirnatih robčkov Klars, prikazano v večjih in manjših pakiranjih.",
    "detailed_images": [
      {
        "url": "https://imgproxy-retcat.assets.schwarz/J3hKNZU5Fy1Q-OEHW8sDXQ0F0-qlc5F1R-Npnb3_fvU/sm:1/w:427/h:320/cz/M6Ly9wcm9kLWNhd/GFsb2ctbWVkaWEvc2kvMS8zNDEwQzY1RjI1QkFGRDg5Q0VGQzQ0REE/wRDg2MzlCQjQzQ0EwNDkwMDJDNDg5NzZDQjdEQ0Y3QTg0RUMzOUJFLmpwZw.jpg",
        "accessibility": "Pakiranje papirnatih robčkov Klars, prikazano v večjih in manjših pakiranjih."
      },
      {
        "url": "https://imgproxy-retcat.assets.schwarz/HX15k0fEPD3tfwGkDDAIyL5sMW6DfhTUZ0AZcSse4rY/sm:1/w:427/h:320/cz/M6Ly9wcm9kLWNhd/GFsb2ctbWVkaWEvc2kvMS85MTJENDI3MDZGNzRGMUUyRDdCM0FFM0M/yNzgzNUJDREM0QTE5NTlCM0NDRTg1QUY4QTM4QzdFNDcwNkJBMzhELmpwZw.jpg",
        "accessibility": "Paket Klara servietkov."
      },
      {
        "url": "https://imgproxy-retcat.assets.schwarz/caChPeCt_4QZcREOdVtomCjXGwC4nY5CwMfTGrb3EH8/sm:1/w:427/h:320/cz/M6Ly9wcm9kLWNhd/GFsb2ctbWVkaWEvc2kvMS9FRTkwNDJDRDI3Q0Q5QUMwMzNERjM1MDk/2ODI4NEY2MTJFRkNCNzY1MDQ0NkQ3QTdDOUI0NTI4NjcyMjM4OURELmpwZw.jpg",
        "accessibility": "Pakiranje sladkorja Klara Blackor."
      }
    ],
    "analytics_category": "Food",
    "more_details": "Dodatne podrobnosti o izdelku",
    "won_category_primary": "Svetovi potreb/Hrana in bližnja hrana/Jajca in osnovna živila (testenine, moka, stročnice itd.)",
    "won_category_primary_path": "0/17/1715",
    "canonical_path": "/p/kiara-kristalni-sladkor/p10082545",
    "canonical_url": "/p/kiara-kristalni-sladkor/p10082545",
    "awards": [],
    "seals": [],
    "ribbons": [],
    "highlighted_seals": 0,
    "lidl_plus": [],
    "regions": [],
    "ians": [
      "140827"
    ],
    "show_brand": true,
    "deal_of_day_active": false,
    "full_title_meta": "KIARA Kristalni sladkor",
    "lists": [
      4991
    ],
    "preview": false,
    "category_breadcrumbs": [
      {
        "id": "10068374",
        "name": "Hrana in pijača",
        "url": "/c/hrana-in-pijaca/s10068374",
        "hidden": false
      },
      {
        "id": "10071045",
        "name": "Jajca in osnovna živila",
        "url": "/h/jajca-in-osnovna-zivila/h10071045",
        "hidden": false
      }
    ],
    "campaigns": [
      {
        "id": "Current_Sales_Week",
        "name": "Ta teden",
        "url": null,
        "hidden": false
      },
      {
        "id": "10075258",
        "name": "Tvoja Lidl cena",
        "url": "/c/tvoja-lidl-cena/a10075258",
        "hidden": false
      }
    ],
    "world_of_needs_code": "1715",
    "world_of_needs_name": "Jajca in osnovna živila (testenine, moka, stročnice itd.)",
    "world_of_needs_parent": "17",
    "is_main_category": true,
    "super_categories": [
      {
        "code": "17",
        "name": "Hrana in bližnja hrana",
        "parent": "0"
      },
      {
        "code": "0",
        "name": "Svetovi potreb",
        "parent": ""
      }
    ],
    "position": 180,
    "tracking_payload": {
      "searchTrackingMasterId": "Product.10082545",
      "searchTrackingTitle": "Kristalni+sladkor",
      "searchTrackingPageSize": 100,
      "searchTrackingPage": 2,
      "searchTrackingEvent": "click",
      "list": "search",
      "searchTrackingId": "Product.10082545",
      "searchTrackingOrigPos": 1,
      "searchTrackingPos": 180,
      "searchTrackingOrigPageSize": 100,
      "searchTrackingChannel": "SI",
      "category": "Food"
    }
  },
  {
    "code": "10082575",
    "name": "Sladoled z okusom čokolade in kokosa",
    "url": "",
    "result_class": "product",
    "type": "product",
    "product_id": 10082575,
    "erp_number": "10082575",
    "item_id": 10082575,
    "full_title": "DELUXE Sladoled z okusom čokolade in kokosa",
    "title": "Sladoled z okusom čokolade in kokosa",
    "category": "Food",
    "product_type": "RETAIL",
    "age_restriction": false,
    "is_used_product": false,
    "multipack": false,
    "online": false,
    "store": false,
    "quick_add_to_cart": false,
    "flash_sales": false,
    "having_videos": false,
    "having_threesixty": false,
    "price": 2.79,
    "old_price": 0.0,
    "currency_code": "EUR",
    "currency_symbol": "€",
    "has_star": true,
    "has_vat": false,
    "price_theme": "white_red",
    "variants_have_different_prices": false,
    "base_price_text": "1 kg = 7.54",
    "base_price_prefix": false,
    "packaging_text": "370 g",
    "discount_deleted_price": null,
    "discount_text": "ZGRABITE PRILOŽNOST!",
    "discount_percentage": null,
    "discount_has_star": false,
    "show_discount": false,
    "show_percentage": false,
    "from_recommended_price": false,
    "availability_indicator": 0,
    "online_available": false,
    "min_orderable_quantity": 1,
    "orderable_quantities": [],
    "badge_texts": [
      "od 10.07. v trgovini"
    ],
    "badge_types": [
      "IN_STORE_FROM_DATE_FUTURE"
    ],
    "main_image": "https://imgproxy-retcat.assets.schwarz/L7N6nriLxSxO_mZJRwf7SMqkdl-mLDiid20n7kGOV5Q/sm:1/w:427/h:320/cz/M6Ly9wcm9kLWNhd/GFsb2ctbWVkaWEvc2kvMS8yMTFBRkNGMEQ5RDIxRTIxNDNFRTg4NDc/yNDFDMjI4NDBFNjI3N0VBNEVCODc0NzA1NzZDRjAyMENFRjc2NEMzLmpwZw.jpg",
    "image_list": [
      "https://imgproxy-retcat.assets.schwarz/L7N6nriLxSxO_mZJRwf7SMqkdl-mLDiid20n7kGOV5Q/sm:1/w:427/h:320/cz/M6Ly9wcm9kLWNhd/GFsb2ctbWVkaWEvc2kvMS8yMTFBRkNGMEQ5RDIxRTIxNDNFRTg4NDc/yNDFDMjI4NDBFNjI3N0VBNEVCODc0NzA1NzZDRjAyMENFRjc2NEMzLmpwZw.jpg"
    ],
    "image_accessibility": "Deločeva slojevita sladoleda s čokolado in kokosom v kozarcu.",
    "detailed_images": [
      {
        "url": "https://imgproxy-retcat.assets.schwarz/L7N6nriLxSxO_mZJRwf7SMqkdl-mLDiid20n7kGOV5Q/sm:1/w:427/h:320/cz/M6Ly9wcm9kLWNhd/GFsb2ctbWVkaWEvc2kvMS8yMTFBRkNGMEQ5RDIxRTIxNDNFRTg4NDc/yNDFDMjI4NDBFNjI3N0VBNEVCODc0NzA1NzZDRjAyMENFRjc2NEMzLmpwZw.jpg",
        "accessibility": "Deločeva slojevita sladoleda s čokolado in kokosom v kozarcu."
      }
    ],
    "analytics_category": "Food",
    "more_details": "Dodatne podrobnosti o izdelku",
    "won_category_primary": "Svetovi potreb/Hrana in bližnja hrana/Prigrizki in slaščice",
    "won_category_primary_path": "0/17/1721",
    "canonical_path": "/p/deluxe-sladoled-z-okusom-cokolade-in-kokosa/p10082575",
    "canonical_url": "/p/deluxe-sladoled-z-okusom-cokolade-in-kokosa/p10082575",
    "awards": [],
    "seals": [
      {
        "altText": "Nalepka: NOVO!",
        "image": "https://imgproxy-retcat.assets.schwarz/gW7U9oAMEinoB9aSfR-kefCuzYAnn4a_JeAvwiBZ8jM/sm:1/w:140/cz/M6Ly9wcm9kLWNhd/GFsb2ctbWVkaWEvc2kvMi8xMzJDOEE4QTc5MEM1OUI0Q0UxNUQ5OUV/GRjE1MTJBOThEN0JEOEI5NEU0MzkzRkRGQjk3Q0NCOUE5MjIxODNCLnBuZw.png"
      }
    ],
    "ribbons": [],
    "highlighted_seals": 0,
    "lidl_plus": [],
    "regions": [],
    "ians": [
      "6015486"
    ],
    "show_brand": true,
    "deal_of_day_active": false,
    "full_title_meta": "DELUXE Sladoled z okusom čokolade in kokosa",
    "lists": [
      4991
    ],
    "preview": false,
    "category_breadcrumbs": [
      {
        "id": "10068374",
        "name": "Hrana in pijača",
        "url": "/c/hrana-in-pijaca/s10068374",
        "hidden": false
      },
      {
        "id": "10071044",
        "name": "Prigrizki in sladkarije",
        "url": "/h/prigrizki-in-sladkarije/h10071044",
        "hidden": false
      }
    ],
    "campaigns": [
      {
        "id": "Current_Sales_Week",
        "name": "Ta teden",
        "url": null,
        "hidden": false
      },
      {
        "id": "10075259",
        "name": "Deluxe - Gurmanski okus poletja",
        "url": "/c/deluxe-gurmanski-okus-poletja/a10075259",
        "hidden": false
      }
    ],
    "world_of_needs_code": "1721",
    "world_of_needs_name": "Prigrizki in slaščice",
    "world_of_needs_parent": "17",
    "is_main_category": true,
    "super_categories": [
      {
        "code": "17",
        "name": "Hrana in bližnja hrana",
        "parent": "0"
      },
      {
        "code": "0",
        "name": "Svetovi potreb",
        "parent": ""
      }
    ],
    "position": 181,
    "tracking_payload": {
      "searchTrackingMasterId": "Product.10082575",
      "searchTrackingTitle": "Sladoled+z+okusom+%C4%8Dokolade+in+kokosa",
      "searchTrackingPageSize": 100,
      "searchTrackingPage": 2,
      "searchTrackingEvent": "click",
      "list": "search",
      "searchTrackingId": "Product.10082575",
      "searchTrackingOrigPos": 1,
      "searchTrackingPos": 181,
      "searchTrackingOrigPageSize": 100,
      "searchTrackingChannel": "SI",
      "category": "Food"
    }
  },
  {
    "code": "10082577",
    "name": "Sladoled „Mochi“",
    "url": "",
    "result_class": "product",
    "type": "product",
    "product_id": 10082577,
    "erp_number": "10082577",
    "item_id": 10082577,
    "full_title": "DELUXE Sladoled „Mochi“",
    "title": "Sladoled „Mochi“",
    "category": "Food",
    "product_type": "RETAIL",
    "age_restriction": false,
    "is_used_product": false,
    "multipack": false,
    "online": false,
    "store": false,
    "quick_add_to_cart": false,
    "flash_sales": false,
    "having_videos": false,
    "having_threesixty": false,
    "price": 3.99,
    "old_price": 0.0,
    "currency_code": "EUR",
    "currency_symbol": "€",
    "has_star": true,
    "has_vat": false,
    "price_theme": "white_red",
    "variants_have_different_prices": false,
    "base_price_text": "1 kg = 22.17",
    "base_price_prefix": false,
    "packaging_text": "180 g",
    "discount_deleted_price": null,
    "discount_text": null,
    "discount_percentage": null,
    "discount_has_star": null,
    "show_discount": null,
    "show_percentage": null,
    "from_recommended_price": null,
    "availability_indicator": 0,
    "online_available": false,
    "min_orderable_quantity": 1,
    "orderable_quantities": [],
    "badge_texts": [
      "od 10.07. v trgovini"
    ],
    "badge_types": [
      "IN_STORE_FROM_DATE_FUTURE"
    ],
    "main_image": "https://imgproxy-retcat.assets.schwarz/FkLp2DVA1uJR52FZ64jRuSKniQUMO7qISTID7C44GY4/sm:1/w:427/h:320/cz/M6Ly9wcm9kLWNhd/GFsb2ctbWVkaWEvc2kvMS82RTg3NDUzOTI1RjI2NzBEMDA4NjVFMTg/2MDcwMTlDRkMyMDUxMjUzNUFCMDk3RURGNTUzNzhDRkU2QzExM0E4LmpwZw.jpg",
    "image_list": [
      "https://imgproxy-retcat.assets.schwarz/FkLp2DVA1uJR52FZ64jRuSKniQUMO7qISTID7C44GY4/sm:1/w:427/h:320/cz/M6Ly9wcm9kLWNhd/GFsb2ctbWVkaWEvc2kvMS82RTg3NDUzOTI1RjI2NzBEMDA4NjVFMTg/2MDcwMTlDRkMyMDUxMjUzNUFCMDk3RURGNTUzNzhDRkU2QzExM0E4LmpwZw.jpg",
      "https://imgproxy-retcat.assets.schwarz/QyklKPQxHWVPQj0ATP9iy-jspRSV8gMLV0tLdw79orI/sm:1/w:427/h:320/cz/M6Ly9wcm9kLWNhd/GFsb2ctbWVkaWEvc2kvMS83OTRCMDY1OTBGQ0FBRTlGNjJDRDU4NTE/yNzJGRjgxMDIwQzZCRTc5NzY3NjEzQTgzNzVCOTY2Mzc3MEZFRTZFLmpwZw.jpg",
      "https://imgproxy-retcat.assets.schwarz/Y4FfyCOeypxaXu4BAxpWBSBdg9gtqZcnxnzIzrnSSBA/sm:1/w:427/h:320/cz/M6Ly9wcm9kLWNhd/GFsb2ctbWVkaWEvc2kvMS8wQTdFNTkwNURGMDlDMTgwNEUxNEFCOTl/CNjZGOTk0RkFFNTk2MDNFMjE4ODI4MDk5MzZERkNFMTEwRDlGRDc0LmpwZw.jpg"
    ],
    "image_accessibility": "Dve škatli sladoleda mochi Delisse: slana karamela in cheesecake z jagodami.",
    "detailed_images": [
      {
        "url": "https://imgproxy-retcat.assets.schwarz/FkLp2DVA1uJR52FZ64jRuSKniQUMO7qISTID7C44GY4/sm:1/w:427/h:320/cz/M6Ly9wcm9kLWNhd/GFsb2ctbWVkaWEvc2kvMS82RTg3NDUzOTI1RjI2NzBEMDA4NjVFMTg/2MDcwMTlDRkMyMDUxMjUzNUFCMDk3RURGNTUzNzhDRkU2QzExM0E4LmpwZw.jpg",
        "accessibility": "Dve škatli sladoleda mochi Delisse: slana karamela in cheesecake z jagodami."
      },
      {
        "url": "https://imgproxy-retcat.assets.schwarz/QyklKPQxHWVPQj0ATP9iy-jspRSV8gMLV0tLdw79orI/sm:1/w:427/h:320/cz/M6Ly9wcm9kLWNhd/GFsb2ctbWVkaWEvc2kvMS83OTRCMDY1OTBGQ0FBRTlGNjJDRDU4NTE/yNzJGRjgxMDIwQzZCRTc5NzY3NjEzQTgzNzVCOTY2Mzc3MEZFRTZFLmpwZw.jpg",
        "accessibility": "Delocee mochi sladoled s slano karamelo."
      },
      {
        "url": "https://imgproxy-retcat.assets.schwarz/Y4FfyCOeypxaXu4BAxpWBSBdg9gtqZcnxnzIzrnSSBA/sm:1/w:427/h:320/cz/M6Ly9wcm9kLWNhd/GFsb2ctbWVkaWEvc2kvMS8wQTdFNTkwNURGMDlDMTgwNEUxNEFCOTl/CNjZGOTk0RkFFNTk2MDNFMjE4ODI4MDk5MzZERkNFMTEwRDlGRDc0LmpwZw.jpg",
        "accessibility": "Doreen's cheesecake in okus jagode mochi sladoled."
      }
    ],
    "analytics_category": "Food",
    "more_details": "Dodatne podrobnosti o izdelku",
    "won_category_primary": "Svetovi potreb/Hrana in bližnja hrana/Prigrizki in slaščice",
    "won_category_primary_path": "0/17/1721",
    "canonical_path": "/p/deluxe-sladoled-mochi/p10082577",
    "canonical_url": "/p/deluxe-sladoled-mochi/p10082577",
    "awards": [],
    "seals": [],
    "ribbons": [],
    "highlighted_seals": 0,
    "lidl_plus": [],
    "regions": [],
    "ians": [
      "170724"
    ],
    "show_brand": true,
    "deal_of_day_active": false,
    "full_title_meta": "DELUXE Sladoled „Mochi“",
    "lists": [
      4991
    ],
    "preview": false,
    "category_breadcrumbs": [
      {
        "id": "10068374",
        "name": "Hrana in pijača",
        "url": "/c/hrana-in-pijaca/s10068374",
        "hidden": false
      },
      {
        "id": "10071044",
        "name": "Prigrizki in sladkarije",
        "url": "/h/prigrizki-in-sladkarije/h10071044",
        "hidden": false
      }
    ],
    "campaigns": [
      {
        "id": "Current_Sales_Week",
        "name": "Ta teden",
        "url": null,
        "hidden": false
      },
      {
        "id": "10075259",
        "name": "Deluxe - Gurmanski okus poletja",
        "url": "/c/deluxe-gurmanski-okus-poletja/a10075259",
        "hidden": false
      }
    ],
    "world_of_needs_code": "1721",
    "world_of_needs_name": "Prigrizki in slaščice",
    "world_of_needs_parent": "17",
    "is_main_category": true,
    "super_categories": [
      {
        "code": "17",
        "name": "Hrana in bližnja hrana",
        "parent": "0"
      },
      {
        "code": "0",
        "name": "Svetovi potreb",
        "parent": ""
      }
    ],
    "position": 182,
    "tracking_payload": {
      "searchTrackingMasterId": "Product.10082577",
      "searchTrackingTitle": "Sladoled+%E2%80%9EMochi%E2%80%9C",
      "searchTrackingPageSize": 100,
      "searchTrackingPage": 2,
      "searchTrackingEvent": "click",
      "list": "search",
      "searchTrackingId": "Product.10082577",
      "searchTrackingOrigPos": 1,
      "searchTrackingPos": 182,
      "searchTrackingOrigPageSize": 100,
      "searchTrackingChannel": "SI",
      "category": "Food"
    }
  },
  {
    "code": "10082579",
    "name": "Sadni namaz",
    "url": "",
    "result_class": "product",
    "type": "product",
    "product_id": 10082579,
    "erp_number": "10082579",
    "item_id": 10082579,
    "full_title": "DELUXE Sadni namaz",
    "title": "Sadni namaz",
    "category": "Food",
    "product_type": "RETAIL",
    "age_restriction": false,
    "is_used_product": false,
    "multipack": false,
    "online": false,
    "store": false,
    "quick_add_to_cart": false,
    "flash_sales": false,
    "having_videos": false,
    "having_threesixty": false,
    "price": 2.29,
    "old_price": 0.0,
    "currency_code": "EUR",
    "currency_symbol": "€",
    "has_star": true,
    "has_vat": false,
    "price_theme": "white_red",
    "variants_have_different_prices": false,
    "base_price_text": "1 kg = 9.35",
    "base_price_prefix": false,
    "packaging_text": "245 g",
    "discount_deleted_price": null,
    "discount_text": null,
    "discount_percentage": null,
    "discount_has_star": null,
    "show_discount": null,
    "show_percentage": null,
    "from_recommended_price": null,
    "availability_indicator": 0,
    "online_available": false,
    "min_orderable_quantity": 1,
    "orderable_quantities": [],
    "badge_texts": [
      "od 10.07. v trgovini"
    ],
    "badge_types": [
      "IN_STORE_FROM_DATE_FUTURE"
    ],
    "main_image": "https://imgproxy-retcat.assets.schwarz/Td0YJ8G_IgpAAAjF29Pqz2_jcOMpC_GwOFuen-DbQxc/sm:1/w:427/h:320/cz/M6Ly9wcm9kLWNhd/GFsb2ctbWVkaWEvc2kvMS9BODIyOUFCRjdFQkM3MENGM0JDRkQwMUY/wQjUyM0FDNzM0QjREMjhERkI4MzlGOTlEN0NERkM3MENDQzhEOTgyLmpwZw.jpg",
    "image_list": [
      "https://imgproxy-retcat.assets.schwarz/Td0YJ8G_IgpAAAjF29Pqz2_jcOMpC_GwOFuen-DbQxc/sm:1/w:427/h:320/cz/M6Ly9wcm9kLWNhd/GFsb2ctbWVkaWEvc2kvMS9BODIyOUFCRjdFQkM3MENGM0JDRkQwMUY/wQjUyM0FDNzM0QjREMjhERkI4MzlGOTlEN0NERkM3MENDQzhEOTgyLmpwZw.jpg",
      "https://imgproxy-retcat.assets.schwarz/I3nGdrgW0KsanggE34JG3xSpqjPDLfgdPHGSiNJ4S6o/sm:1/w:427/h:320/cz/M6Ly9wcm9kLWNhd/GFsb2ctbWVkaWEvc2kvMS80MDlGMkI0QjlENEE3QkE5MUVEQ0NDRDd/BQzgwNTM5MEVFQzJCRDhCNUVDQzRFRkIwRDdGRDMzQzc5NkU1N0U3LmpwZw.jpg",
      "https://imgproxy-retcat.assets.schwarz/QPmLU6_UBmJBuG_SAtWGXYysisRfKk1_wfbkH1ezWHU/sm:1/w:427/h:320/cz/M6Ly9wcm9kLWNhd/GFsb2ctbWVkaWEvc2kvMS9DQzhFMjY4QjlBQzc0NjkxNUFDNENGOTU/5QzAzRDFCQjEwQTUyRkUzODc2QUE4MkM4MDJCRTA1MUFCRTY2NDZCLmpwZw.jpg"
    ],
    "image_accessibility": "Dva kozarca Jelejev premium sadnega namaza: borovnica in malina.",
    "detailed_images": [
      {
        "url": "https://imgproxy-retcat.assets.schwarz/Td0YJ8G_IgpAAAjF29Pqz2_jcOMpC_GwOFuen-DbQxc/sm:1/w:427/h:320/cz/M6Ly9wcm9kLWNhd/GFsb2ctbWVkaWEvc2kvMS9BODIyOUFCRjdFQkM3MENGM0JDRkQwMUY/wQjUyM0FDNzM0QjREMjhERkI4MzlGOTlEN0NERkM3MENDQzhEOTgyLmpwZw.jpg",
        "accessibility": "Dva kozarca Jelejev premium sadnega namaza: borovnica in malina."
      },
      {
        "url": "https://imgproxy-retcat.assets.schwarz/I3nGdrgW0KsanggE34JG3xSpqjPDLfgdPHGSiNJ4S6o/sm:1/w:427/h:320/cz/M6Ly9wcm9kLWNhd/GFsb2ctbWVkaWEvc2kvMS80MDlGMkI0QjlENEE3QkE5MUVEQ0NDRDd/BQzgwNTM5MEVFQzJCRDhCNUVDQzRFRkIwRDdGRDMzQzc5NkU1N0U3LmpwZw.jpg",
        "accessibility": "Kozarček Bonne Maman malinevega namaza."
      },
      {
        "url": "https://imgproxy-retcat.assets.schwarz/QPmLU6_UBmJBuG_SAtWGXYysisRfKk1_wfbkH1ezWHU/sm:1/w:427/h:320/cz/M6Ly9wcm9kLWNhd/GFsb2ctbWVkaWEvc2kvMS9DQzhFMjY4QjlBQzc0NjkxNUFDNENGOTU/5QzAzRDFCQjEwQTUyRkUzODc2QUE4MkM4MDJCRTA1MUFCRTY2NDZCLmpwZw.jpg",
        "accessibility": "Delerjev premium namaz iz črnega ribeza."
      }
    ],
    "analytics_category": "Food",
    "more_details": "Dodatne podrobnosti o izdelku",
    "won_category_primary": "Svetovi potreb/Hrana in bližnja hrana/Džem, marmelada in med",
    "won_category_primary_path": "0/17/1712",
    "canonical_path": "/p/deluxe-sadni-namaz/p10082579",
    "canonical_url": "/p/deluxe-sadni-namaz/p10082579",
    "awards": [],
    "seals": [
      {
        "altText": "Nalepka: NOVO!",
        "image": "https://imgproxy-retcat.assets.schwarz/gW7U9oAMEinoB9aSfR-kefCuzYAnn4a_JeAvwiBZ8jM/sm:1/w:140/cz/M6Ly9wcm9kLWNhd/GFsb2ctbWVkaWEvc2kvMi8xMzJDOEE4QTc5MEM1OUI0Q0UxNUQ5OUV/GRjE1MTJBOThEN0JEOEI5NEU0MzkzRkRGQjk3Q0NCOUE5MjIxODNCLnBuZw.png"
      }
    ],
    "ribbons": [],
    "highlighted_seals": 0,
    "lidl_plus": [],
    "regions": [],
    "ians": [
      "158868"
    ],
    "show_brand": true,
    "deal_of_day_active": false,
    "full_title_meta": "DELUXE Sadni namaz",
    "lists": [
      4991
    ],
    "preview": false,
    "category_breadcrumbs": [
      {
        "id": "10068374",
        "name": "Hrana in pijača",
        "url": "/c/hrana-in-pijaca/s10068374",
        "hidden": false
      },
      {
        "id": "10071684",
        "name": "Džemi in namazi",
        "url": "/h/dzemi-in-namazi/h10071684",
        "hidden": false
      }
    ],
    "campaigns": [
      {
        "id": "Current_Sales_Week",
        "name": "Ta teden",
        "url": null,
        "hidden": false
      },
      {
        "id": "10075259",
        "name": "Deluxe - Gurmanski okus poletja",
        "url": "/c/deluxe-gurmanski-okus-poletja/a10075259",
        "hidden": false
      }
    ],
    "world_of_needs_code": "1712",
    "world_of_needs_name": "Džem, marmelada in med",
    "world_of_needs_parent": "17",
    "is_main_category": true,
    "super_categories": [
      {
        "code": "17",
        "name": "Hrana in bližnja hrana",
        "parent": "0"
      },
      {
        "code": "0",
        "name": "Svetovi potreb",
        "parent": ""
      }
    ],
    "position": 183,
    "tracking_payload": {
      "searchTrackingMasterId": "Product.10082579",
      "searchTrackingTitle": "Sadni+namaz",
      "searchTrackingPageSize": 100,
      "searchTrackingPage": 2,
      "searchTrackingEvent": "click",
      "list": "search",
      "searchTrackingId": "Product.10082579",
      "searchTrackingOrigPos": 1,
      "searchTrackingPos": 183,
      "searchTrackingOrigPageSize": 100,
      "searchTrackingChannel": "SI",
      "category": "Food"
    }
  },
  {
    "code": "10082581",
    "name": "Sveži makroni",
    "url": "",
    "result_class": "product",
    "type": "product",
    "product_id": 10082581,
    "erp_number": "10082581",
    "item_id": 10082581,
    "full_title": "DELUXE Sveži makroni",
    "title": "Sveži makroni",
    "category": "Food",
    "product_type": "RETAIL",
    "age_restriction": false,
    "is_used_product": false,
    "multipack": false,
    "online": false,
    "store": false,
    "quick_add_to_cart": false,
    "flash_sales": false,
    "having_videos": false,
    "having_threesixty": false,
    "price": 3.99,
    "old_price": 0.0,
    "currency_code": "EUR",
    "currency_symbol": "€",
    "has_star": true,
    "has_vat": false,
    "price_theme": "white_red",
    "variants_have_different_prices": false,
    "base_price_text": "1 kg = 27.71",
    "base_price_prefix": false,
    "packaging_text": "144 g (12 x 12 g)",
    "discount_deleted_price": null,
    "discount_text": null,
    "discount_percentage": null,
    "discount_has_star": null,
    "show_discount": null,
    "show_percentage": null,
    "from_recommended_price": null,
    "availability_indicator": 0,
    "online_available": false,
    "min_orderable_quantity": 1,
    "orderable_quantities": [],
    "badge_texts": [
      "od 10.07. v trgovini"
    ],
    "badge_types": [
      "IN_STORE_FROM_DATE_FUTURE"
    ],
    "main_image": "https://imgproxy-retcat.assets.schwarz/RAgLTbm4C-fsrxX5LntA9sOrqYQbmpKVJFRT0bslNdA/sm:1/w:427/h:320/cz/M6Ly9wcm9kLWNhd/GFsb2ctbWVkaWEvc2kvMS8zNDE2MjdCODQ0OEM0NjUwMDQwRUJFQ0M/zQkFCMkE1QjA1QzFFRTFEMUE3QjQxQTkzOTZDNzc1QjM1Njc0NERELmpwZw.jpg",
    "image_list": [
      "https://imgproxy-retcat.assets.schwarz/RAgLTbm4C-fsrxX5LntA9sOrqYQbmpKVJFRT0bslNdA/sm:1/w:427/h:320/cz/M6Ly9wcm9kLWNhd/GFsb2ctbWVkaWEvc2kvMS8zNDE2MjdCODQ0OEM0NjUwMDQwRUJFQ0M/zQkFCMkE1QjA1QzFFRTFEMUE3QjQxQTkzOTZDNzc1QjM1Njc0NERELmpwZw.jpg"
    ],
    "image_accessibility": "Paket Pâtissier macaronsov v različnih barvah in okusih.",
    "detailed_images": [
      {
        "url": "https://imgproxy-retcat.assets.schwarz/RAgLTbm4C-fsrxX5LntA9sOrqYQbmpKVJFRT0bslNdA/sm:1/w:427/h:320/cz/M6Ly9wcm9kLWNhd/GFsb2ctbWVkaWEvc2kvMS8zNDE2MjdCODQ0OEM0NjUwMDQwRUJFQ0M/zQkFCMkE1QjA1QzFFRTFEMUE3QjQxQTkzOTZDNzc1QjM1Njc0NERELmpwZw.jpg",
        "accessibility": "Paket Pâtissier macaronsov v različnih barvah in okusih."
      }
    ],
    "analytics_category": "Food",
    "more_details": "Dodatne podrobnosti o izdelku",
    "won_category_primary": "Svetovi potreb/Hrana in bližnja hrana/Prigrizki in slaščice",
    "won_category_primary_path": "0/17/1721",
    "canonical_path": "/p/deluxe-svezi-makroni/p10082581",
    "canonical_url": "/p/deluxe-svezi-makroni/p10082581",
    "awards": [],
    "seals": [
      {
        "altText": "Fairtrade kakav",
        "image": "https://imgproxy-retcat.assets.schwarz/Ev56WuA4alomi2ueNXSfh4fTBQrmkb_e9o3Rn2ggm2Y/sm:1/w:140/cz/M6Ly9wcm9kLWNhd/GFsb2ctbWVkaWEvc2kvMi9EM0U1RTc1N0I2QzkzODFDMjVDMDU4NjR/BRTNGQ0NBRDVGQTM0RkE2NjRDQkU0QjczNkU3RjI5RTIyRkMwMjUzLnBuZw.png"
      },
      {
        "altText": "Nalepka: Hlajeno",
        "image": "https://imgproxy-retcat.assets.schwarz/7x3Iby7aD19hFySDnP2YoXt7E1r0JrvJVj0QO1gUOes/sm:1/w:140/cz/M6Ly9wcm9kLWNhd/GFsb2ctbWVkaWEvc2kvMi8xMzFBN0E2RDlCREZGREQxOEE2OTFDNEZ/FNDE5RTM0QUMxQjY4OEQ0OUY2QTAxMTRDRjQ1RjdCNTNDRjM2NUJBLnBuZw.png"
      }
    ],
    "ribbons": [],
    "highlighted_seals": 0,
    "lidl_plus": [],
    "regions": [],
    "ians": [
      "7404704"
    ],
    "show_brand": true,
    "deal_of_day_active": false,
    "full_title_meta": "DELUXE Sveži makroni",
    "lists": [
      4991
    ],
    "preview": false,
    "category_breadcrumbs": [
      {
        "id": "10068374",
        "name": "Hrana in pijača",
        "url": "/c/hrana-in-pijaca/s10068374",
        "hidden": false
      },
      {
        "id": "10071044",
        "name": "Prigrizki in sladkarije",
        "url": "/h/prigrizki-in-sladkarije/h10071044",
        "hidden": false
      }
    ],
    "campaigns": [
      {
        "id": "Current_Sales_Week",
        "name": "Ta teden",
        "url": null,
        "hidden": false
      },
      {
        "id": "10075259",
        "name": "Deluxe - Gurmanski okus poletja",
        "url": "/c/deluxe-gurmanski-okus-poletja/a10075259",
        "hidden": false
      }
    ],
    "world_of_needs_code": "1721",
    "world_of_needs_name": "Prigrizki in slaščice",
    "world_of_needs_parent": "17",
    "is_main_category": true,
    "super_categories": [
      {
        "code": "17",
        "name": "Hrana in bližnja hrana",
        "parent": "0"
      },
      {
        "code": "0",
        "name": "Svetovi potreb",
        "parent": ""
      }
    ],
    "position": 184,
    "tracking_payload": {
      "searchTrackingMasterId": "Product.10082581",
      "searchTrackingTitle": "Sve%C5%BEi+makroni",
      "searchTrackingPageSize": 100,
      "searchTrackingPage": 2,
      "searchTrackingEvent": "click",
      "list": "search",
      "searchTrackingId": "Product.10082581",
      "searchTrackingOrigPos": 1,
      "searchTrackingPos": 184,
      "searchTrackingOrigPageSize": 100,
      "searchTrackingChannel": "SI",
      "category": "Food"
    }
  },
  {
    "code": "10082583",
    "name": "Premium smetanova torta",
    "url": "",
    "result_class": "product",
    "type": "product",
    "product_id": 10082583,
    "erp_number": "10082583",
    "item_id": 10082583,
    "full_title": "DELUXE Premium smetanova torta",
    "title": "Premium smetanova torta",
    "category": "Food",
    "product_type": "RETAIL",
    "age_restriction": false,
    "is_used_product": false,
    "multipack": false,
    "online": false,
    "store": false,
    "quick_add_to_cart": false,
    "flash_sales": false,
    "having_videos": false,
    "having_threesixty": false,
    "price": 6.49,
    "old_price": 0.0,
    "currency_code": "EUR",
    "currency_symbol": "€",
    "has_star": true,
    "has_vat": false,
    "price_theme": "white_red",
    "variants_have_different_prices": false,
    "base_price_text": "1 kg = 8.65",
    "base_price_prefix": false,
    "packaging_text": "750 g",
    "discount_deleted_price": null,
    "discount_text": null,
    "discount_percentage": null,
    "discount_has_star": null,
    "show_discount": null,
    "show_percentage": null,
    "from_recommended_price": null,
    "availability_indicator": 0,
    "online_available": false,
    "min_orderable_quantity": 1,
    "orderable_quantities": [],
    "badge_texts": [
      "od 10.07. v trgovini"
    ],
    "badge_types": [
      "IN_STORE_FROM_DATE_FUTURE"
    ],
    "main_image": "https://imgproxy-retcat.assets.schwarz/HAcoy08VYm5qIuWEQ0tNikLiLN2_btsDGY5Rgu0gJ1k/sm:1/w:427/h:320/cz/M6Ly9wcm9kLWNhd/GFsb2ctbWVkaWEvc2kvMS9ERUZCNjI2MjVBOEMyRTE3NTFENDQ0NTF/DNTg0ODYxRjQyRTJDMDg1RjQ0ODM5M0Y1RDgyQTg2RDI4M0JENjg0LmpwZw.jpg",
    "image_list": [
      "https://imgproxy-retcat.assets.schwarz/HAcoy08VYm5qIuWEQ0tNikLiLN2_btsDGY5Rgu0gJ1k/sm:1/w:427/h:320/cz/M6Ly9wcm9kLWNhd/GFsb2ctbWVkaWEvc2kvMS9ERUZCNjI2MjVBOEMyRTE3NTFENDQ0NTF/DNTg0ODYxRjQyRTJDMDg1RjQ0ODM5M0Y1RDgyQTg2RDI4M0JENjg0LmpwZw.jpg",
      "https://imgproxy-retcat.assets.schwarz/2xWM0-BzUDJajysU5K7EKfBvqk0b8AN5JgvUFItZg5A/sm:1/w:427/h:320/cz/M6Ly9wcm9kLWNhd/GFsb2ctbWVkaWEvc2kvMS9ERDZEREFGMDY5NzNGMDRCRjVFODFEMkM/4NzkxRThFMDFGNTczRDI2MEFBM0Y4QTkwMzhDRENENEVCMjU0N0Y5LmpwZw.jpg",
      "https://imgproxy-retcat.assets.schwarz/H1IYy9KeDACXj18gIqOjg6xETPK9ABCGVdtZzKUqZV0/sm:1/w:427/h:320/cz/M6Ly9wcm9kLWNhd/GFsb2ctbWVkaWEvc2kvMS83QUQxRjVGOTgyMTA3RTVDRjI3OTFBNzM/zMkQ5NUMzQjM2Q0IzMDcyOTczRkU4QkU1QkM2QkY1RUE0RkYwMzg3LmpwZw.jpg"
    ],
    "image_accessibility": "Trije Delisse torti: jagodna, čokoladna in marelična.",
    "detailed_images": [
      {
        "url": "https://imgproxy-retcat.assets.schwarz/HAcoy08VYm5qIuWEQ0tNikLiLN2_btsDGY5Rgu0gJ1k/sm:1/w:427/h:320/cz/M6Ly9wcm9kLWNhd/GFsb2ctbWVkaWEvc2kvMS9ERUZCNjI2MjVBOEMyRTE3NTFENDQ0NTF/DNTg0ODYxRjQyRTJDMDg1RjQ0ODM5M0Y1RDgyQTg2RDI4M0JENjg0LmpwZw.jpg",
        "accessibility": "Trije Delisse torti: jagodna, čokoladna in marelična."
      },
      {
        "url": "https://imgproxy-retcat.assets.schwarz/2xWM0-BzUDJajysU5K7EKfBvqk0b8AN5JgvUFItZg5A/sm:1/w:427/h:320/cz/M6Ly9wcm9kLWNhd/GFsb2ctbWVkaWEvc2kvMS9ERDZEREFGMDY5NzNGMDRCRjVFODFEMkM/4NzkxRThFMDFGNTczRDI2MEFBM0Y4QTkwMzhDRENENEVCMjU0N0Y5LmpwZw.jpg",
        "accessibility": "Delice Stracciatella torta s češnjevimi jagodami."
      },
      {
        "url": "https://imgproxy-retcat.assets.schwarz/H1IYy9KeDACXj18gIqOjg6xETPK9ABCGVdtZzKUqZV0/sm:1/w:427/h:320/cz/M6Ly9wcm9kLWNhd/GFsb2ctbWVkaWEvc2kvMS83QUQxRjVGOTgyMTA3RTVDRjI3OTFBNzM/zMkQ5NUMzQjM2Q0IzMDcyOTczRkU4QkU1QkM2QkY1RUE0RkYwMzg3LmpwZw.jpg",
        "accessibility": "Delacre čokoladna mousse torta."
      }
    ],
    "analytics_category": "Food",
    "more_details": "Dodatne podrobnosti o izdelku",
    "won_category_primary": "Svetovi potreb/Hrana in bližnja hrana/Kruh in pekovsko pecivo",
    "won_category_primary_path": "0/17/1713",
    "canonical_path": "/p/deluxe-premium-smetanova-torta/p10082583",
    "canonical_url": "/p/deluxe-premium-smetanova-torta/p10082583",
    "awards": [],
    "seals": [
      {
        "altText": "Znak: Zamrznjeno",
        "image": "https://imgproxy-retcat.assets.schwarz/ayWyw20LfIYJzOhoc4KvR8G0z3S3CSGFD0vHUIK3dgY/sm:1/w:140/cz/M6Ly9wcm9kLWNhd/GFsb2ctbWVkaWEvc2kvMi81NkZCNjYzMzA5NkRFMERFNzUzNEI1ODY/xRDQ4Q0MxRTkxQkUzNUMxOTBGNTAyMURGMjJGODEyQzk0ODhCNTYwLnBuZw.png"
      }
    ],
    "ribbons": [],
    "highlighted_seals": 0,
    "lidl_plus": [],
    "regions": [],
    "ians": [
      "75239"
    ],
    "show_brand": true,
    "deal_of_day_active": false,
    "full_title_meta": "DELUXE Premium smetanova torta",
    "lists": [
      4991
    ],
    "preview": false,
    "category_breadcrumbs": [
      {
        "id": "10068374",
        "name": "Hrana in pijača",
        "url": "/c/hrana-in-pijaca/s10068374",
        "hidden": false
      },
      {
        "id": "10071015",
        "name": "Kruh in pekovski izdelki",
        "url": "/h/kruh-in-pekovski-izdelki/h10071015",
        "hidden": false
      }
    ],
    "campaigns": [
      {
        "id": "Current_Sales_Week",
        "name": "Ta teden",
        "url": null,
        "hidden": false
      },
      {
        "id": "10075259",
        "name": "Deluxe - Gurmanski okus poletja",
        "url": "/c/deluxe-gurmanski-okus-poletja/a10075259",
        "hidden": false
      }
    ],
    "world_of_needs_code": "1713",
    "world_of_needs_name": "Kruh in pekovsko pecivo",
    "world_of_needs_parent": "17",
    "is_main_category": true,
    "super_categories": [
      {
        "code": "17",
        "name": "Hrana in bližnja hrana",
        "parent": "0"
      },
      {
        "code": "0",
        "name": "Svetovi potreb",
        "parent": ""
      }
    ],
    "position": 185,
    "tracking_payload": {
      "searchTrackingMasterId": "Product.10082583",
      "searchTrackingTitle": "Premium+smetanova+torta",
      "searchTrackingPageSize": 100,
      "searchTrackingPage": 2,
      "searchTrackingEvent": "click",
      "list": "search",
      "searchTrackingId": "Product.10082583",
      "searchTrackingOrigPos": 1,
      "searchTrackingPos": 185,
      "searchTrackingOrigPageSize": 100,
      "searchTrackingChannel": "SI",
      "category": "Food"
    }
  },
  {
    "code": "10082585",
    "name": "Mini premium sladoled",
    "url": "",
    "result_class": "product",
    "type": "product",
    "product_id": 10082585,
    "erp_number": "10082585",
    "item_id": 10082585,
    "full_title": "DELUXE Mini premium sladoled",
    "title": "Mini premium sladoled",
    "category": "Food",
    "product_type": "RETAIL",
    "age_restriction": false,
    "is_used_product": false,
    "multipack": false,
    "online": false,
    "store": false,
    "quick_add_to_cart": false,
    "flash_sales": false,
    "having_videos": false,
    "having_threesixty": false,
    "price": 1.19,
    "old_price": 0.0,
    "currency_code": "EUR",
    "currency_symbol": "€",
    "has_star": true,
    "has_vat": false,
    "price_theme": "white_red",
    "variants_have_different_prices": false,
    "base_price_text": "1 l = 8.50",
    "base_price_prefix": false,
    "packaging_text": "140 ml",
    "discount_deleted_price": null,
    "discount_text": null,
    "discount_percentage": null,
    "discount_has_star": null,
    "show_discount": null,
    "show_percentage": null,
    "from_recommended_price": null,
    "availability_indicator": 0,
    "online_available": false,
    "min_orderable_quantity": 1,
    "orderable_quantities": [],
    "badge_texts": [
      "od 10.07. v trgovini"
    ],
    "badge_types": [
      "IN_STORE_FROM_DATE_FUTURE"
    ],
    "main_image": "https://imgproxy-retcat.assets.schwarz/qmfvW_U5r5J17lnjRD6hDAqXdXHses9OmGYX8Vk7_eY/sm:1/w:427/h:320/cz/M6Ly9wcm9kLWNhd/GFsb2ctbWVkaWEvc2kvMS82NDYxMzhDN0RCRjJGMkZGM0E0QjM1QUY/yMjc0QzIyRDA5RThENzdCNUZDNjc0MjQwMDEzMjQ1MzNEMzg4RDUzLmpwZw.jpg",
    "image_list": [
      "https://imgproxy-retcat.assets.schwarz/qmfvW_U5r5J17lnjRD6hDAqXdXHses9OmGYX8Vk7_eY/sm:1/w:427/h:320/cz/M6Ly9wcm9kLWNhd/GFsb2ctbWVkaWEvc2kvMS82NDYxMzhDN0RCRjJGMkZGM0E0QjM1QUY/yMjc0QzIyRDA5RThENzdCNUZDNjc0MjQwMDEzMjQ1MzNEMzg4RDUzLmpwZw.jpg",
      "https://imgproxy-retcat.assets.schwarz/AtH0gHWrJN8XNIer8nJpx_Y9RgdZRZV3Liy0RkRE7O0/sm:1/w:427/h:320/cz/M6Ly9wcm9kLWNhd/GFsb2ctbWVkaWEvc2kvMS9CQUI1ODdBQjYzNUE0RjEwQzNDQjI2MTN/FOEEzQ0JEQTE1MTEwRjE1OTlGQjlFOTdFOUVEOUQwRkQ3NTIzOEVBLmpwZw.jpg",
      "https://imgproxy-retcat.assets.schwarz/H2iZM5sd3SJssRi9eTn5aU4uxXOfDT1XyeNsbhEyyrI/sm:1/w:427/h:320/cz/M6Ly9wcm9kLWNhd/GFsb2ctbWVkaWEvc2kvMS9FMjkxNTc0MTk0NzU2MkUyOEUzOEY1OTF/COTU1MjI4MEQ4NDMyQ0E0NjEzMzhFMDNBNEIwODUyODQzNzgzOUI5LmpwZw.jpg"
    ],
    "image_accessibility": "Trije lončki sladoleda Talenti s tremi različnimi okusi.",
    "detailed_images": [
      {
        "url": "https://imgproxy-retcat.assets.schwarz/qmfvW_U5r5J17lnjRD6hDAqXdXHses9OmGYX8Vk7_eY/sm:1/w:427/h:320/cz/M6Ly9wcm9kLWNhd/GFsb2ctbWVkaWEvc2kvMS82NDYxMzhDN0RCRjJGMkZGM0E0QjM1QUY/yMjc0QzIyRDA5RThENzdCNUZDNjc0MjQwMDEzMjQ1MzNEMzg4RDUzLmpwZw.jpg",
        "accessibility": "Trije lončki sladoleda Talenti s tremi različnimi okusi."
      },
      {
        "url": "https://imgproxy-retcat.assets.schwarz/AtH0gHWrJN8XNIer8nJpx_Y9RgdZRZV3Liy0RkRE7O0/sm:1/w:427/h:320/cz/M6Ly9wcm9kLWNhd/GFsb2ctbWVkaWEvc2kvMS9CQUI1ODdBQjYzNUE0RjEwQzNDQjI2MTN/FOEEzQ0JEQTE1MTEwRjE1OTlGQjlFOTdFOUVEOUQwRkQ3NTIzOEVBLmpwZw.jpg",
        "accessibility": "Delov sladoled z okusom banane in karamele."
      },
      {
        "url": "https://imgproxy-retcat.assets.schwarz/H2iZM5sd3SJssRi9eTn5aU4uxXOfDT1XyeNsbhEyyrI/sm:1/w:427/h:320/cz/M6Ly9wcm9kLWNhd/GFsb2ctbWVkaWEvc2kvMS9FMjkxNTc0MTk0NzU2MkUyOEUzOEY1OTF/COTU1MjI4MEQ4NDMyQ0E0NjEzMzhFMDNBNEIwODUyODQzNzgzOUI5LmpwZw.jpg",
        "accessibility": "Delov Pfirsich & Vanilija sladoled v ovalni posodi."
      }
    ],
    "analytics_category": "Food",
    "more_details": "Dodatne podrobnosti o izdelku",
    "won_category_primary": "Svetovi potreb/Hrana in bližnja hrana/Prigrizki in slaščice",
    "won_category_primary_path": "0/17/1721",
    "canonical_path": "/p/deluxe-mini-premium-sladoled/p10082585",
    "canonical_url": "/p/deluxe-mini-premium-sladoled/p10082585",
    "awards": [],
    "seals": [],
    "ribbons": [],
    "highlighted_seals": 0,
    "lidl_plus": [],
    "regions": [],
    "ians": [
      "6601297"
    ],
    "show_brand": true,
    "deal_of_day_active": false,
    "full_title_meta": "DELUXE Mini premium sladoled",
    "lists": [
      4991
    ],
    "preview": false,
    "category_breadcrumbs": [
      {
        "id": "10068374",
        "name": "Hrana in pijača",
        "url": "/c/hrana-in-pijaca/s10068374",
        "hidden": false
      },
      {
        "id": "10071044",
        "name": "Prigrizki in sladkarije",
        "url": "/h/prigrizki-in-sladkarije/h10071044",
        "hidden": false
      }
    ],
    "campaigns": [
      {
        "id": "Current_Sales_Week",
        "name": "Ta teden",
        "url": null,
        "hidden": false
      },
      {
        "id": "10075259",
        "name": "Deluxe - Gurmanski okus poletja",
        "url": "/c/deluxe-gurmanski-okus-poletja/a10075259",
        "hidden": false
      }
    ],
    "world_of_needs_code": "1721",
    "world_of_needs_name": "Prigrizki in slaščice",
    "world_of_needs_parent": "17",
    "is_main_category": true,
    "super_categories": [
      {
        "code": "17",
        "name": "Hrana in bližnja hrana",
        "parent": "0"
      },
      {
        "code": "0",
        "name": "Svetovi potreb",
        "parent": ""
      }
    ],
    "position": 186,
    "tracking_payload": {
      "searchTrackingMasterId": "Product.10082585",
      "searchTrackingTitle": "Mini+premium+sladoled",
      "searchTrackingPageSize": 100,
      "searchTrackingPage": 2,
      "searchTrackingEvent": "click",
      "list": "search",
      "searchTrackingId": "Product.10082585",
      "searchTrackingOrigPos": 1,
      "searchTrackingPos": 186,
      "searchTrackingOrigPageSize": 100,
      "searchTrackingChannel": "SI",
      "category": "Food"
    }
  },
  {
    "code": "10082587",
    "name": "Zelenjavni čips",
    "url": "",
    "result_class": "product",
    "type": "product",
    "product_id": 10082587,
    "erp_number": "10082587",
    "item_id": 10082587,
    "full_title": "DELUXE Zelenjavni čips",
    "title": "Zelenjavni čips",
    "category": "Food",
    "product_type": "RETAIL",
    "age_restriction": false,
    "is_used_product": false,
    "multipack": false,
    "online": false,
    "store": false,
    "quick_add_to_cart": false,
    "flash_sales": false,
    "having_videos": false,
    "having_threesixty": false,
    "price": 1.59,
    "old_price": 0.0,
    "currency_code": "EUR",
    "currency_symbol": "€",
    "has_star": true,
    "has_vat": false,
    "price_theme": "white_red",
    "variants_have_different_prices": false,
    "base_price_text": "1 kg = 15.90",
    "base_price_prefix": false,
    "packaging_text": "100 g",
    "discount_deleted_price": null,
    "discount_text": null,
    "discount_percentage": null,
    "discount_has_star": null,
    "show_discount": null,
    "show_percentage": null,
    "from_recommended_price": null,
    "availability_indicator": 0,
    "online_available": false,
    "min_orderable_quantity": 1,
    "orderable_quantities": [],
    "badge_texts": [
      "od 10.07. v trgovini"
    ],
    "badge_types": [
      "IN_STORE_FROM_DATE_FUTURE"
    ],
    "main_image": "https://imgproxy-retcat.assets.schwarz/nvtwJc1KQDuANc7vNZHqTgm4w4QpPAc3onlFMaUTm20/sm:1/w:427/h:320/cz/M6Ly9wcm9kLWNhd/GFsb2ctbWVkaWEvc2kvMS8zQTIyNTNFODE3Rjc5MjQ2MjgwNDBGRUE/1QjY2MkVBRDhBQTA2M0FFRTc0NEQzMUMwOTZDNUIwMDZFMUYwQ0NFLmpwZw.jpg",
    "image_list": [
      "https://imgproxy-retcat.assets.schwarz/nvtwJc1KQDuANc7vNZHqTgm4w4QpPAc3onlFMaUTm20/sm:1/w:427/h:320/cz/M6Ly9wcm9kLWNhd/GFsb2ctbWVkaWEvc2kvMS8zQTIyNTNFODE3Rjc5MjQ2MjgwNDBGRUE/1QjY2MkVBRDhBQTA2M0FFRTc0NEQzMUMwOTZDNUIwMDZFMUYwQ0NFLmpwZw.jpg"
    ],
    "image_accessibility": "Debora zelenjavni čips s morsko soljo.",
    "detailed_images": [
      {
        "url": "https://imgproxy-retcat.assets.schwarz/nvtwJc1KQDuANc7vNZHqTgm4w4QpPAc3onlFMaUTm20/sm:1/w:427/h:320/cz/M6Ly9wcm9kLWNhd/GFsb2ctbWVkaWEvc2kvMS8zQTIyNTNFODE3Rjc5MjQ2MjgwNDBGRUE/1QjY2MkVBRDhBQTA2M0FFRTc0NEQzMUMwOTZDNUIwMDZFMUYwQ0NFLmpwZw.jpg",
        "accessibility": "Debora zelenjavni čips s morsko soljo."
      }
    ],
    "analytics_category": "Food",
    "more_details": "Dodatne podrobnosti o izdelku",
    "won_category_primary": "Svetovi potreb/Hrana in bližnja hrana/Prigrizki in slaščice",
    "won_category_primary_path": "0/17/1721",
    "canonical_path": "/p/deluxe-zelenjavni-cips/p10082587",
    "canonical_url": "/p/deluxe-zelenjavni-cips/p10082587",
    "awards": [],
    "seals": [],
    "ribbons": [],
    "highlighted_seals": 0,
    "lidl_plus": [],
    "regions": [],
    "ians": [
      "168787"
    ],
    "show_brand": true,
    "deal_of_day_active": false,
    "full_title_meta": "DELUXE Zelenjavni čips",
    "lists": [
      4991
    ],
    "preview": false,
    "category_breadcrumbs": [
      {
        "id": "10068374",
        "name": "Hrana in pijača",
        "url": "/c/hrana-in-pijaca/s10068374",
        "hidden": false
      },
      {
        "id": "10071044",
        "name": "Prigrizki in sladkarije",
        "url": "/h/prigrizki-in-sladkarije/h10071044",
        "hidden": false
      }
    ],
    "campaigns": [
      {
        "id": "Current_Sales_Week",
        "name": "Ta teden",
        "url": null,
        "hidden": false
      },
      {
        "id": "10075259",
        "name": "Deluxe - Gurmanski okus poletja",
        "url": "/c/deluxe-gurmanski-okus-poletja/a10075259",
        "hidden": false
      }
    ],
    "world_of_needs_code": "1721",
    "world_of_needs_name": "Prigrizki in slaščice",
    "world_of_needs_parent": "17",
    "is_main_category": true,
    "super_categories": [
      {
        "code": "17",
        "name": "Hrana in bližnja hrana",
        "parent": "0"
      },
      {
        "code": "0",
        "name": "Svetovi potreb",
        "parent": ""
      }
    ],
    "position": 187,
    "tracking_payload": {
      "searchTrackingMasterId": "Product.10082587",
      "searchTrackingTitle": "Zelenjavni+%C4%8Dips",
      "searchTrackingPageSize": 100,
      "searchTrackingPage": 2,
      "searchTrackingEvent": "click",
      "list": "search",
      "searchTrackingId": "Product.10082587",
      "searchTrackingOrigPos": 1,
      "searchTrackingPos": 187,
      "searchTrackingOrigPageSize": 100,
      "searchTrackingChannel": "SI",
      "category": "Food"
    }
  },
  {
    "code": "10082589",
    "name": "Akacijev med",
    "url": "",
    "result_class": "product",
    "type": "product",
    "product_id": 10082589,
    "erp_number": "10082589",
    "item_id": 10082589,
    "full_title": "DELUXE Akacijev med",
    "title": "Akacijev med",
    "category": "Food",
    "product_type": "RETAIL",
    "age_restriction": false,
    "is_used_product": false,
    "multipack": false,
    "online": false,
    "store": false,
    "quick_add_to_cart": false,
    "flash_sales": false,
    "having_videos": false,
    "having_threesixty": false,
    "price": 6.99,
    "old_price": 0.0,
    "currency_code": "EUR",
    "currency_symbol": "€",
    "has_star": true,
    "has_vat": false,
    "price_theme": "white_red",
    "variants_have_different_prices": false,
    "base_price_text": "1 kg = 13.98",
    "base_price_prefix": false,
    "packaging_text": "500 g",
    "discount_deleted_price": null,
    "discount_text": "ZGRABITE PRILOŽNOST!",
    "discount_percentage": null,
    "discount_has_star": false,
    "show_discount": false,
    "show_percentage": false,
    "from_recommended_price": false,
    "availability_indicator": 0,
    "online_available": false,
    "min_orderable_quantity": 1,
    "orderable_quantities": [],
    "badge_texts": [
      "od 10.07. v trgovini"
    ],
    "badge_types": [
      "IN_STORE_FROM_DATE_FUTURE"
    ],
    "main_image": "https://imgproxy-retcat.assets.schwarz/8Eo7L69xrodooz2E9UyxaNoxfZcwEwmXiHGmYH0_KpU/sm:1/w:427/h:320/cz/M6Ly9wcm9kLWNhd/GFsb2ctbWVkaWEvc2kvMS85RjhDNzg0RkQ4Q0QxQ0JBMkZBNjhGMkI/zNzREQjNBQTJCNDYxMzA0NzVEQjBCODRCMTBCNDlFMTQzMjBDMkFGLmpwZw.jpg",
    "image_list": [
      "https://imgproxy-retcat.assets.schwarz/8Eo7L69xrodooz2E9UyxaNoxfZcwEwmXiHGmYH0_KpU/sm:1/w:427/h:320/cz/M6Ly9wcm9kLWNhd/GFsb2ctbWVkaWEvc2kvMS85RjhDNzg0RkQ4Q0QxQ0JBMkZBNjhGMkI/zNzREQjNBQTJCNDYxMzA0NzVEQjBCODRCMTBCNDlFMTQzMjBDMkFGLmpwZw.jpg"
    ],
    "image_accessibility": "Delov Akracijev med v steklenem kozarcu.",
    "detailed_images": [
      {
        "url": "https://imgproxy-retcat.assets.schwarz/8Eo7L69xrodooz2E9UyxaNoxfZcwEwmXiHGmYH0_KpU/sm:1/w:427/h:320/cz/M6Ly9wcm9kLWNhd/GFsb2ctbWVkaWEvc2kvMS85RjhDNzg0RkQ4Q0QxQ0JBMkZBNjhGMkI/zNzREQjNBQTJCNDYxMzA0NzVEQjBCODRCMTBCNDlFMTQzMjBDMkFGLmpwZw.jpg",
        "accessibility": "Delov Akracijev med v steklenem kozarcu."
      }
    ],
    "analytics_category": "Food",
    "more_details": "Dodatne podrobnosti o izdelku",
    "won_category_primary": "Svetovi potreb/Hrana in bližnja hrana/Džem, marmelada in med",
    "won_category_primary_path": "0/17/1712",
    "canonical_path": "/p/deluxe-akacijev-med/p10082589",
    "canonical_url": "/p/deluxe-akacijev-med/p10082589",
    "awards": [],
    "seals": [],
    "ribbons": [],
    "highlighted_seals": 0,
    "lidl_plus": [],
    "regions": [],
    "ians": [
      "6400271"
    ],
    "show_brand": true,
    "deal_of_day_active": false,
    "full_title_meta": "DELUXE Akacijev med",
    "lists": [
      4991
    ],
    "preview": false,
    "category_breadcrumbs": [
      {
        "id": "10068374",
        "name": "Hrana in pijača",
        "url": "/c/hrana-in-pijaca/s10068374",
        "hidden": false
      },
      {
        "id": "10071684",
        "name": "Džemi in namazi",
        "url": "/h/dzemi-in-namazi/h10071684",
        "hidden": false
      }
    ],
    "campaigns": [
      {
        "id": "Current_Sales_Week",
        "name": "Ta teden",
        "url": null,
        "hidden": false
      },
      {
        "id": "10075259",
        "name": "Deluxe - Gurmanski okus poletja",
        "url": "/c/deluxe-gurmanski-okus-poletja/a10075259",
        "hidden": false
      }
    ],
    "world_of_needs_code": "1712",
    "world_of_needs_name": "Džem, marmelada in med",
    "world_of_needs_parent": "17",
    "is_main_category": true,
    "super_categories": [
      {
        "code": "17",
        "name": "Hrana in bližnja hrana",
        "parent": "0"
      },
      {
        "code": "0",
        "name": "Svetovi potreb",
        "parent": ""
      }
    ],
    "position": 188,
    "tracking_payload": {
      "searchTrackingMasterId": "Product.10082589",
      "searchTrackingTitle": "Akacijev+med",
      "searchTrackingPageSize": 100,
      "searchTrackingPage": 2,
      "searchTrackingEvent": "click",
      "list": "search",
      "searchTrackingId": "Product.10082589",
      "searchTrackingOrigPos": 1,
      "searchTrackingPos": 188,
      "searchTrackingOrigPageSize": 100,
      "searchTrackingChannel": "SI",
      "category": "Food"
    }
  },
  {
    "code": "10082591",
    "name": "Italijanski pršut „Prosciutto di Parma“",
    "url": "",
    "result_class": "product",
    "type": "product",
    "product_id": 10082591,
    "erp_number": "10082591",
    "item_id": 10082591,
    "full_title": "DELUXE Italijanski pršut „Prosciutto di Parma“",
    "title": "Italijanski pršut „Prosciutto di Parma“",
    "category": "Food",
    "product_type": "RETAIL",
    "age_restriction": false,
    "is_used_product": false,
    "multipack": false,
    "online": false,
    "store": false,
    "quick_add_to_cart": false,
    "flash_sales": false,
    "having_videos": false,
    "having_threesixty": false,
    "price": 4.99,
    "old_price": 0.0,
    "currency_code": "EUR",
    "currency_symbol": "€",
    "has_star": true,
    "has_vat": false,
    "price_theme": "white_red",
    "variants_have_different_prices": false,
    "base_price_text": "1 kg = 33.27",
    "base_price_prefix": false,
    "packaging_text": "150 g",
    "discount_deleted_price": null,
    "discount_text": null,
    "discount_percentage": null,
    "discount_has_star": null,
    "show_discount": null,
    "show_percentage": null,
    "from_recommended_price": null,
    "availability_indicator": 0,
    "online_available": false,
    "min_orderable_quantity": 1,
    "orderable_quantities": [],
    "badge_texts": [
      "od 10.07. v trgovini"
    ],
    "badge_types": [
      "IN_STORE_FROM_DATE_FUTURE"
    ],
    "main_image": "https://imgproxy-retcat.assets.schwarz/fYaCiZqsvlFRa6TEZbhBjsRTgbywuBbZSUc3jpjfBbc/sm:1/w:427/h:320/cz/M6Ly9wcm9kLWNhd/GFsb2ctbWVkaWEvc2kvMS9DRDBBRjczMUU4OEMxODM1NUU3Q0JDOUR/GQ0U0NzQxMUI4NjExRkQxOUFDRkExOTVCNDRFNjdDOTNGRjg0NDZELmpwZw.jpg",
    "image_list": [
      "https://imgproxy-retcat.assets.schwarz/fYaCiZqsvlFRa6TEZbhBjsRTgbywuBbZSUc3jpjfBbc/sm:1/w:427/h:320/cz/M6Ly9wcm9kLWNhd/GFsb2ctbWVkaWEvc2kvMS9DRDBBRjczMUU4OEMxODM1NUU3Q0JDOUR/GQ0U0NzQxMUI4NjExRkQxOUFDRkExOTVCNDRFNjdDOTNGRjg0NDZELmpwZw.jpg"
    ],
    "image_accessibility": "Pakiranje Dohlerjevega pršuta Parma DOP.",
    "detailed_images": [
      {
        "url": "https://imgproxy-retcat.assets.schwarz/fYaCiZqsvlFRa6TEZbhBjsRTgbywuBbZSUc3jpjfBbc/sm:1/w:427/h:320/cz/M6Ly9wcm9kLWNhd/GFsb2ctbWVkaWEvc2kvMS9DRDBBRjczMUU4OEMxODM1NUU3Q0JDOUR/GQ0U0NzQxMUI4NjExRkQxOUFDRkExOTVCNDRFNjdDOTNGRjg0NDZELmpwZw.jpg",
        "accessibility": "Pakiranje Dohlerjevega pršuta Parma DOP."
      }
    ],
    "analytics_category": "Food",
    "more_details": "Dodatne podrobnosti o izdelku",
    "won_category_primary": "Svetovi potreb/Hrana in bližnja hrana/Klobase in meso",
    "won_category_primary_path": "0/17/1717",
    "canonical_path": "/p/deluxe-italijanski-prsut-prosciutto-di-parma/p10082591",
    "canonical_url": "/p/deluxe-italijanski-prsut-prosciutto-di-parma/p10082591",
    "awards": [],
    "seals": [
      {
        "altText": "Zaščitena geografska označba.",
        "image": "https://imgproxy-retcat.assets.schwarz/_PX8a9ovPPIAMMhApUyVjwRpKjqO6NwgFml1X_VaTJE/sm:1/w:140/cz/M6Ly9wcm9kLWNhd/GFsb2ctbWVkaWEvc2kvMi80QTBEN0IxODlBRDM2MTJGMERDOTI1MDQ/zQkUyQzg0Nzc2RERFMkFCNjUzRUFFRDlFNzhDNDY2ODM2ODhCRUVFLnBuZw.png"
      },
      {
        "altText": "Nalepka: Hlajeno",
        "image": "https://imgproxy-retcat.assets.schwarz/7x3Iby7aD19hFySDnP2YoXt7E1r0JrvJVj0QO1gUOes/sm:1/w:140/cz/M6Ly9wcm9kLWNhd/GFsb2ctbWVkaWEvc2kvMi8xMzFBN0E2RDlCREZGREQxOEE2OTFDNEZ/FNDE5RTM0QUMxQjY4OEQ0OUY2QTAxMTRDRjQ1RjdCNTNDRjM2NUJBLnBuZw.png"
      }
    ],
    "ribbons": [],
    "highlighted_seals": 0,
    "lidl_plus": [],
    "regions": [],
    "ians": [
      "6005575"
    ],
    "show_brand": true,
    "deal_of_day_active": false,
    "full_title_meta": "DELUXE Italijanski pršut „Prosciutto di Parma“",
    "lists": [
      4991
    ],
    "preview": false,
    "category_breadcrumbs": [
      {
        "id": "10068374",
        "name": "Hrana in pijača",
        "url": "/c/hrana-in-pijaca/s10068374",
        "hidden": false
      },
      {
        "id": "10071016",
        "name": "Meso in mesni izdelki",
        "url": "/h/meso-in-mesni-izdelki/h10071016",
        "hidden": false
      }
    ],
    "campaigns": [
      {
        "id": "Current_Sales_Week",
        "name": "Ta teden",
        "url": null,
        "hidden": false
      },
      {
        "id": "10075259",
        "name": "Deluxe - Gurmanski okus poletja",
        "url": "/c/deluxe-gurmanski-okus-poletja/a10075259",
        "hidden": false
      }
    ],
    "world_of_needs_code": "1717",
    "world_of_needs_name": "Klobase in meso",
    "world_of_needs_parent": "17",
    "is_main_category": true,
    "super_categories": [
      {
        "code": "17",
        "name": "Hrana in bližnja hrana",
        "parent": "0"
      },
      {
        "code": "0",
        "name": "Svetovi potreb",
        "parent": ""
      }
    ],
    "position": 189,
    "tracking_payload": {
      "searchTrackingMasterId": "Product.10082591",
      "searchTrackingTitle": "Italijanski+pr%C5%A1ut+%E2%80%9EProsciutto+di+Parma%E2%80%9C",
      "searchTrackingPageSize": 100,
      "searchTrackingPage": 2,
      "searchTrackingEvent": "click",
      "list": "search",
      "searchTrackingId": "Product.10082591",
      "searchTrackingOrigPos": 1,
      "searchTrackingPos": 189,
      "searchTrackingOrigPageSize": 100,
      "searchTrackingChannel": "SI",
      "category": "Food"
    }
  },
  {
    "code": "10082593",
    "name": "Mlinček s soljo",
    "url": "",
    "result_class": "product",
    "type": "product",
    "product_id": 10082593,
    "erp_number": "10082593",
    "item_id": 10082593,
    "full_title": "DELUXE Mlinček s soljo",
    "title": "Mlinček s soljo",
    "category": "Food",
    "product_type": "RETAIL",
    "age_restriction": false,
    "is_used_product": false,
    "multipack": false,
    "online": false,
    "store": false,
    "quick_add_to_cart": false,
    "flash_sales": false,
    "having_videos": false,
    "having_threesixty": false,
    "price": 3.69,
    "old_price": 0.0,
    "currency_code": "EUR",
    "currency_symbol": "€",
    "has_star": true,
    "has_vat": false,
    "price_theme": "white_red",
    "variants_have_different_prices": false,
    "base_price_text": "1 kg = 52.71/20.50",
    "base_price_prefix": false,
    "packaging_text": "70/180 g",
    "discount_deleted_price": null,
    "discount_text": null,
    "discount_percentage": null,
    "discount_has_star": null,
    "show_discount": null,
    "show_percentage": null,
    "from_recommended_price": null,
    "availability_indicator": 0,
    "online_available": false,
    "min_orderable_quantity": 1,
    "orderable_quantities": [],
    "badge_texts": [
      "od 10.07. v trgovini"
    ],
    "badge_types": [
      "IN_STORE_FROM_DATE_FUTURE"
    ],
    "main_image": "https://imgproxy-retcat.assets.schwarz/4fALuFL4y96RmDSoDx-KSLtiIIQlglivFLvPPUlznAI/sm:1/w:427/h:320/cz/M6Ly9wcm9kLWNhd/GFsb2ctbWVkaWEvc2kvMS80NkFDREI0NzAxQTRBN0UzOEUxNTQ3M0M/4RUVBMUVBOTgyQTcxOTZCMTlGQTZEM0Y3ODI0NDg4MkZFQzFDM0RFLmpwZw.jpg",
    "image_list": [
      "https://imgproxy-retcat.assets.schwarz/4fALuFL4y96RmDSoDx-KSLtiIIQlglivFLvPPUlznAI/sm:1/w:427/h:320/cz/M6Ly9wcm9kLWNhd/GFsb2ctbWVkaWEvc2kvMS80NkFDREI0NzAxQTRBN0UzOEUxNTQ3M0M/4RUVBMUVBOTgyQTcxOTZCMTlGQTZEM0Y3ODI0NDg4MkZFQzFDM0RFLmpwZw.jpg",
      "https://imgproxy-retcat.assets.schwarz/s-ME-eGVHvTUBGLq9EB5r8zIMnXLixBiI1wX53ZrJps/sm:1/w:427/h:320/cz/M6Ly9wcm9kLWNhd/GFsb2ctbWVkaWEvc2kvMS9GM0I1RkZBODBEMzM3REIxOTBFQzUxNkZ/DREY1REI0N0NGODMzRDc4RjE3RTQ5OTgyRkNBRjAzREQ4NzIxNEQxLmpwZw.jpg",
      "https://imgproxy-retcat.assets.schwarz/00faToeEyT1amXoKb3e-Gp23cLOu5Z0Kd7GNEAPYgHc/sm:1/w:427/h:320/cz/M6Ly9wcm9kLWNhd/GFsb2ctbWVkaWEvc2kvMS9BRjJDNTEwQjlDRkNBQkI5NzdCODkxN0M/3QzI1Rjc5MzUxQzI5RUZCQTFEODZEQjgwOEJBODI1Qzk2RDcwQzkyLmpwZw.jpg"
    ],
    "image_accessibility": "Tri stekleničke soli Ajinomoto: morska sol, roza himalajska sol in sol z zelišči.",
    "detailed_images": [
      {
        "url": "https://imgproxy-retcat.assets.schwarz/4fALuFL4y96RmDSoDx-KSLtiIIQlglivFLvPPUlznAI/sm:1/w:427/h:320/cz/M6Ly9wcm9kLWNhd/GFsb2ctbWVkaWEvc2kvMS80NkFDREI0NzAxQTRBN0UzOEUxNTQ3M0M/4RUVBMUVBOTgyQTcxOTZCMTlGQTZEM0Y3ODI0NDg4MkZFQzFDM0RFLmpwZw.jpg",
        "accessibility": "Tri stekleničke soli Ajinomoto: morska sol, roza himalajska sol in sol z zelišči."
      },
      {
        "url": "https://imgproxy-retcat.assets.schwarz/s-ME-eGVHvTUBGLq9EB5r8zIMnXLixBiI1wX53ZrJps/sm:1/w:427/h:320/cz/M6Ly9wcm9kLWNhd/GFsb2ctbWVkaWEvc2kvMS9GM0I1RkZBODBEMzM3REIxOTBFQzUxNkZ/DREY1REI0N0NGODMzRDc4RjE3RTQ5OTgyRkNBRjAzREQ4NzIxNEQxLmpwZw.jpg",
        "accessibility": "Mlinček za sol Adler s himalajsko soljo."
      },
      {
        "url": "https://imgproxy-retcat.assets.schwarz/00faToeEyT1amXoKb3e-Gp23cLOu5Z0Kd7GNEAPYgHc/sm:1/w:427/h:320/cz/M6Ly9wcm9kLWNhd/GFsb2ctbWVkaWEvc2kvMS9BRjJDNTEwQjlDRkNBQkI5NzdCODkxN0M/3QzI1Rjc5MzUxQzI5RUZCQTFEODZEQjgwOEJBODI1Qzk2RDcwQzkyLmpwZw.jpg",
        "accessibility": "Mlinček za sol Albert Schweizer s fino morsko soljo."
      }
    ],
    "analytics_category": "Food",
    "more_details": "Dodatne podrobnosti o izdelku",
    "won_category_primary": "Svetovi potreb/Hrana in bližnja hrana/Začimbe, gorčica in omake",
    "won_category_primary_path": "0/17/1736",
    "canonical_path": "/p/deluxe-mlincek-s-soljo/p10082593",
    "canonical_url": "/p/deluxe-mlincek-s-soljo/p10082593",
    "awards": [],
    "seals": [],
    "ribbons": [],
    "highlighted_seals": 0,
    "lidl_plus": [],
    "regions": [],
    "ians": [
      "193530"
    ],
    "show_brand": true,
    "deal_of_day_active": false,
    "full_title_meta": "DELUXE Mlinček s soljo",
    "lists": [
      4991
    ],
    "preview": false,
    "category_breadcrumbs": [
      {
        "id": "10068374",
        "name": "Hrana in pijača",
        "url": "/c/hrana-in-pijaca/s10068374",
        "hidden": false
      },
      {
        "id": "10071682",
        "name": "Začimbe, gorčica in omake",
        "url": "/h/zacimbe-gorcica-in-omake/h10071682",
        "hidden": false
      }
    ],
    "campaigns": [
      {
        "id": "Current_Sales_Week",
        "name": "Ta teden",
        "url": null,
        "hidden": false
      },
      {
        "id": "10075259",
        "name": "Deluxe - Gurmanski okus poletja",
        "url": "/c/deluxe-gurmanski-okus-poletja/a10075259",
        "hidden": false
      }
    ],
    "world_of_needs_code": "1736",
    "world_of_needs_name": "Začimbe, gorčica in omake",
    "world_of_needs_parent": "17",
    "is_main_category": true,
    "super_categories": [
      {
        "code": "17",
        "name": "Hrana in bližnja hrana",
        "parent": "0"
      },
      {
        "code": "0",
        "name": "Svetovi potreb",
        "parent": ""
      }
    ],
    "position": 190,
    "tracking_payload": {
      "searchTrackingMasterId": "Product.10082593",
      "searchTrackingTitle": "Mlin%C4%8Dek+s+soljo",
      "searchTrackingPageSize": 100,
      "searchTrackingPage": 2,
      "searchTrackingEvent": "click",
      "list": "search",
      "searchTrackingId": "Product.10082593",
      "searchTrackingOrigPos": 1,
      "searchTrackingPos": 190,
      "searchTrackingOrigPageSize": 100,
      "searchTrackingChannel": "SI",
      "category": "Food"
    }
  },
  {
    "code": "10082595",
    "name": "Mortadela iz Bologne",
    "url": "",
    "result_class": "product",
    "type": "product",
    "product_id": 10082595,
    "erp_number": "10082595",
    "item_id": 10082595,
    "full_title": "DELUXE Mortadela iz Bologne",
    "title": "Mortadela iz Bologne",
    "category": "Food",
    "product_type": "RETAIL",
    "age_restriction": false,
    "is_used_product": false,
    "multipack": false,
    "online": false,
    "store": false,
    "quick_add_to_cart": false,
    "flash_sales": false,
    "having_videos": false,
    "having_threesixty": false,
    "price": 1.59,
    "old_price": 0.0,
    "currency_code": "EUR",
    "currency_symbol": "€",
    "has_star": true,
    "has_vat": false,
    "price_theme": "white_red",
    "variants_have_different_prices": false,
    "base_price_text": "1 kg = 13.25",
    "base_price_prefix": false,
    "packaging_text": "120 g",
    "discount_deleted_price": null,
    "discount_text": null,
    "discount_percentage": null,
    "discount_has_star": null,
    "show_discount": null,
    "show_percentage": null,
    "from_recommended_price": null,
    "availability_indicator": 0,
    "online_available": false,
    "min_orderable_quantity": 1,
    "orderable_quantities": [],
    "badge_texts": [
      "od 10.07. v trgovini"
    ],
    "badge_types": [
      "IN_STORE_FROM_DATE_FUTURE"
    ],
    "main_image": "https://imgproxy-retcat.assets.schwarz/u-EzKID_ToVJLSnPchjdsEEdu-izVpSFCsJRwohvHXE/sm:1/w:427/h:320/cz/M6Ly9wcm9kLWNhd/GFsb2ctbWVkaWEvc2kvMS85QjY0QTZFODFBQzIzNDZDQ0E2RjRCQzJ/CMzZDMUY2RjI1QkE5Q0UwQzVFRTNEMUVBQ0JFNEZFMTFEQjExOEMwLmpwZw.jpg",
    "image_list": [
      "https://imgproxy-retcat.assets.schwarz/u-EzKID_ToVJLSnPchjdsEEdu-izVpSFCsJRwohvHXE/sm:1/w:427/h:320/cz/M6Ly9wcm9kLWNhd/GFsb2ctbWVkaWEvc2kvMS85QjY0QTZFODFBQzIzNDZDQ0E2RjRCQzJ/CMzZDMUY2RjI1QkE5Q0UwQzVFRTNEMUVBQ0JFNEZFMTFEQjExOEMwLmpwZw.jpg"
    ],
    "image_accessibility": "Pakiranje Delov Bolonjske salame",
    "detailed_images": [
      {
        "url": "https://imgproxy-retcat.assets.schwarz/u-EzKID_ToVJLSnPchjdsEEdu-izVpSFCsJRwohvHXE/sm:1/w:427/h:320/cz/M6Ly9wcm9kLWNhd/GFsb2ctbWVkaWEvc2kvMS85QjY0QTZFODFBQzIzNDZDQ0E2RjRCQzJ/CMzZDMUY2RjI1QkE5Q0UwQzVFRTNEMUVBQ0JFNEZFMTFEQjExOEMwLmpwZw.jpg",
        "accessibility": "Pakiranje Delov Bolonjske salame"
      }
    ],
    "analytics_category": "Food",
    "more_details": "Dodatne podrobnosti o izdelku",
    "won_category_primary": "Svetovi potreb/Hrana in bližnja hrana/Klobase in meso",
    "won_category_primary_path": "0/17/1717",
    "canonical_path": "/p/deluxe-mortadela-iz-bologne/p10082595",
    "canonical_url": "/p/deluxe-mortadela-iz-bologne/p10082595",
    "awards": [],
    "seals": [
      {
        "altText": "Zaščitena geografska označba.",
        "image": "https://imgproxy-retcat.assets.schwarz/iqWdzqe1AnDrrddJxIljNW9dfEUwlB16PhpW5kt6szw/sm:1/w:140/cz/M6Ly9wcm9kLWNhd/GFsb2ctbWVkaWEvc2kvMi9GQzlENTczN0ZGRDc3RUUzNjE1QzY5QTc/0Q0NDQUU2NTdBMjk2NEIzRjc4MzY1RThCQjk5NjFDNDcwNzlGRjdELnBuZw.png"
      },
      {
        "altText": "Nalepka: Hlajeno",
        "image": "https://imgproxy-retcat.assets.schwarz/7x3Iby7aD19hFySDnP2YoXt7E1r0JrvJVj0QO1gUOes/sm:1/w:140/cz/M6Ly9wcm9kLWNhd/GFsb2ctbWVkaWEvc2kvMi8xMzFBN0E2RDlCREZGREQxOEE2OTFDNEZ/FNDE5RTM0QUMxQjY4OEQ0OUY2QTAxMTRDRjQ1RjdCNTNDRjM2NUJBLnBuZw.png"
      }
    ],
    "ribbons": [],
    "highlighted_seals": 0,
    "lidl_plus": [],
    "regions": [],
    "ians": [
      "6000457"
    ],
    "show_brand": true,
    "deal_of_day_active": false,
    "full_title_meta": "DELUXE Mortadela iz Bologne",
    "lists": [
      4991
    ],
    "preview": false,
    "category_breadcrumbs": [
      {
        "id": "10068374",
        "name": "Hrana in pijača",
        "url": "/c/hrana-in-pijaca/s10068374",
        "hidden": false
      },
      {
        "id": "10071016",
        "name": "Meso in mesni izdelki",
        "url": "/h/meso-in-mesni-izdelki/h10071016",
        "hidden": false
      }
    ],
    "campaigns": [
      {
        "id": "Current_Sales_Week",
        "name": "Ta teden",
        "url": null,
        "hidden": false
      },
      {
        "id": "10075259",
        "name": "Deluxe - Gurmanski okus poletja",
        "url": "/c/deluxe-gurmanski-okus-poletja/a10075259",
        "hidden": false
      }
    ],
    "world_of_needs_code": "1717",
    "world_of_needs_name": "Klobase in meso",
    "world_of_needs_parent": "17",
    "is_main_category": true,
    "super_categories": [
      {
        "code": "17",
        "name": "Hrana in bližnja hrana",
        "parent": "0"
      },
      {
        "code": "0",
        "name": "Svetovi potreb",
        "parent": ""
      }
    ],
    "position": 191,
    "tracking_payload": {
      "searchTrackingMasterId": "Product.10082595",
      "searchTrackingTitle": "Mortadela+iz+Bologne",
      "searchTrackingPageSize": 100,
      "searchTrackingPage": 2,
      "searchTrackingEvent": "click",
      "list": "search",
      "searchTrackingId": "Product.10082595",
      "searchTrackingOrigPos": 1,
      "searchTrackingPos": 191,
      "searchTrackingOrigPageSize": 100,
      "searchTrackingChannel": "SI",
      "category": "Food"
    }
  },
  {
    "code": "10082597",
    "name": "Bivolja „mozzarella“",
    "url": "",
    "result_class": "product",
    "type": "product",
    "product_id": 10082597,
    "erp_number": "10082597",
    "item_id": 10082597,
    "full_title": "DELUXE Bivolja „mozzarella“",
    "title": "Bivolja „mozzarella“",
    "category": "Food",
    "product_type": "RETAIL",
    "age_restriction": false,
    "is_used_product": false,
    "multipack": false,
    "online": false,
    "store": false,
    "quick_add_to_cart": false,
    "flash_sales": false,
    "having_videos": false,
    "having_threesixty": false,
    "price": 3.79,
    "old_price": 0.0,
    "currency_code": "EUR",
    "currency_symbol": "€",
    "has_star": true,
    "has_vat": false,
    "price_theme": "white_red",
    "variants_have_different_prices": false,
    "base_price_text": "1 kg = 15.16",
    "base_price_prefix": false,
    "packaging_text": "250 g",
    "discount_deleted_price": null,
    "discount_text": null,
    "discount_percentage": null,
    "discount_has_star": null,
    "show_discount": null,
    "show_percentage": null,
    "from_recommended_price": null,
    "availability_indicator": 0,
    "online_available": false,
    "min_orderable_quantity": 1,
    "orderable_quantities": [],
    "badge_texts": [
      "od 10.07. v trgovini"
    ],
    "badge_types": [
      "IN_STORE_FROM_DATE_FUTURE"
    ],
    "main_image": "https://imgproxy-retcat.assets.schwarz/Ve8C1yFsuUgddlnrYwi81vwSl842F5RFphGJ7FWKY6s/sm:1/w:427/h:320/cz/M6Ly9wcm9kLWNhd/GFsb2ctbWVkaWEvc2kvMS80MzQ3MUU4MTY3NzQ0RUJEOUQyREJEQTU/1MDA5N0JBNUE3NjYxMUIwNEVEQzQ2N0Y0Qjg4NDcxRUNDNDJFNjA4LmpwZw.jpg",
    "image_list": [
      "https://imgproxy-retcat.assets.schwarz/Ve8C1yFsuUgddlnrYwi81vwSl842F5RFphGJ7FWKY6s/sm:1/w:427/h:320/cz/M6Ly9wcm9kLWNhd/GFsb2ctbWVkaWEvc2kvMS80MzQ3MUU4MTY3NzQ0RUJEOUQyREJEQTU/1MDA5N0JBNUE3NjYxMUIwNEVEQzQ2N0Y0Qjg4NDcxRUNDNDJFNjA4LmpwZw.jpg"
    ],
    "image_accessibility": "Posoda Delaire Mozzarella di Bufala Campana.",
    "detailed_images": [
      {
        "url": "https://imgproxy-retcat.assets.schwarz/Ve8C1yFsuUgddlnrYwi81vwSl842F5RFphGJ7FWKY6s/sm:1/w:427/h:320/cz/M6Ly9wcm9kLWNhd/GFsb2ctbWVkaWEvc2kvMS80MzQ3MUU4MTY3NzQ0RUJEOUQyREJEQTU/1MDA5N0JBNUE3NjYxMUIwNEVEQzQ2N0Y0Qjg4NDcxRUNDNDJFNjA4LmpwZw.jpg",
        "accessibility": "Posoda Delaire Mozzarella di Bufala Campana."
      }
    ],
    "analytics_category": "Food",
    "more_details": "Dodatne podrobnosti o izdelku",
    "won_category_primary": "Svetovi potreb/Hrana in bližnja hrana/Sir in mlečni izdelki (vključno z maslom in sirom)",
    "won_category_primary_path": "0/17/1718",
    "canonical_path": "/p/deluxe-bivolja-mozzarella/p10082597",
    "canonical_url": "/p/deluxe-bivolja-mozzarella/p10082597",
    "awards": [],
    "seals": [
      {
        "altText": "Zaščitena geografska označba.",
        "image": "https://imgproxy-retcat.assets.schwarz/_PX8a9ovPPIAMMhApUyVjwRpKjqO6NwgFml1X_VaTJE/sm:1/w:140/cz/M6Ly9wcm9kLWNhd/GFsb2ctbWVkaWEvc2kvMi80QTBEN0IxODlBRDM2MTJGMERDOTI1MDQ/zQkUyQzg0Nzc2RERFMkFCNjUzRUFFRDlFNzhDNDY2ODM2ODhCRUVFLnBuZw.png"
      },
      {
        "altText": "Nalepka: Hlajeno",
        "image": "https://imgproxy-retcat.assets.schwarz/7x3Iby7aD19hFySDnP2YoXt7E1r0JrvJVj0QO1gUOes/sm:1/w:140/cz/M6Ly9wcm9kLWNhd/GFsb2ctbWVkaWEvc2kvMi8xMzFBN0E2RDlCREZGREQxOEE2OTFDNEZ/FNDE5RTM0QUMxQjY4OEQ0OUY2QTAxMTRDRjQ1RjdCNTNDRjM2NUJBLnBuZw.png"
      }
    ],
    "ribbons": [],
    "highlighted_seals": 0,
    "lidl_plus": [],
    "regions": [],
    "ians": [
      "6000290"
    ],
    "show_brand": true,
    "deal_of_day_active": false,
    "full_title_meta": "DELUXE Bivolja „mozzarella“",
    "lists": [
      4991
    ],
    "preview": false,
    "category_breadcrumbs": [
      {
        "id": "10068374",
        "name": "Hrana in pijača",
        "url": "/c/hrana-in-pijaca/s10068374",
        "hidden": false
      },
      {
        "id": "10071017",
        "name": " Sir &  Mlečni izdelki",
        "url": "/h/sir-mlecni-izdelki/h10071017",
        "hidden": false
      }
    ],
    "campaigns": [
      {
        "id": "Current_Sales_Week",
        "name": "Ta teden",
        "url": null,
        "hidden": false
      },
      {
        "id": "10075259",
        "name": "Deluxe - Gurmanski okus poletja",
        "url": "/c/deluxe-gurmanski-okus-poletja/a10075259",
        "hidden": false
      }
    ],
    "world_of_needs_code": "1718",
    "world_of_needs_name": "Sir in mlečni izdelki (vključno z maslom in sirom)",
    "world_of_needs_parent": "17",
    "is_main_category": true,
    "super_categories": [
      {
        "code": "17",
        "name": "Hrana in bližnja hrana",
        "parent": "0"
      },
      {
        "code": "0",
        "name": "Svetovi potreb",
        "parent": ""
      }
    ],
    "position": 192,
    "tracking_payload": {
      "searchTrackingMasterId": "Product.10082597",
      "searchTrackingTitle": "Bivolja+%E2%80%9Emozzarella%E2%80%9C",
      "searchTrackingPageSize": 100,
      "searchTrackingPage": 2,
      "searchTrackingEvent": "click",
      "list": "search",
      "searchTrackingId": "Product.10082597",
      "searchTrackingOrigPos": 1,
      "searchTrackingPos": 192,
      "searchTrackingOrigPageSize": 100,
      "searchTrackingChannel": "SI",
      "category": "Food"
    }
  },
  {
    "code": "10082599",
    "name": "Grška feta",
    "url": "",
    "result_class": "product",
    "type": "product",
    "product_id": 10082599,
    "erp_number": "10082599",
    "item_id": 10082599,
    "full_title": "DELUXE Grška feta",
    "title": "Grška feta",
    "category": "Food",
    "product_type": "RETAIL",
    "age_restriction": false,
    "is_used_product": false,
    "multipack": false,
    "online": false,
    "store": false,
    "quick_add_to_cart": false,
    "flash_sales": false,
    "having_videos": false,
    "having_threesixty": false,
    "price": 1.99,
    "old_price": 0.0,
    "currency_code": "EUR",
    "currency_symbol": "€",
    "has_star": true,
    "has_vat": false,
    "price_theme": "white_red",
    "variants_have_different_prices": false,
    "base_price_text": "1 kg = 9.95",
    "base_price_prefix": false,
    "packaging_text": "200 g",
    "discount_deleted_price": null,
    "discount_text": null,
    "discount_percentage": null,
    "discount_has_star": null,
    "show_discount": null,
    "show_percentage": null,
    "from_recommended_price": null,
    "availability_indicator": 0,
    "online_available": false,
    "min_orderable_quantity": 1,
    "orderable_quantities": [],
    "badge_texts": [
      "od 10.07. v trgovini"
    ],
    "badge_types": [
      "IN_STORE_FROM_DATE_FUTURE"
    ],
    "main_image": "https://imgproxy-retcat.assets.schwarz/zUzIQ5LuJZVOF6ZXNhsE4Tr_b9Nm0NC4xWnCFAtDAnE/sm:1/w:427/h:320/cz/M6Ly9wcm9kLWNhd/GFsb2ctbWVkaWEvc2kvMS9DQzRFOTgzODM2RUQ0QjEzNkE1MzU0QTJ/EMkZCNTcyMEQ2M0MwMzg0NDk1RUZCMDRFQTg1NENFRjMyNDBFRDBELmpwZw.jpg",
    "image_list": [
      "https://imgproxy-retcat.assets.schwarz/zUzIQ5LuJZVOF6ZXNhsE4Tr_b9Nm0NC4xWnCFAtDAnE/sm:1/w:427/h:320/cz/M6Ly9wcm9kLWNhd/GFsb2ctbWVkaWEvc2kvMS9DQzRFOTgzODM2RUQ0QjEzNkE1MzU0QTJ/EMkZCNTcyMEQ2M0MwMzg0NDk1RUZCMDRFQTg1NENFRjMyNDBFRDBELmpwZw.jpg"
    ],
    "image_accessibility": "Delova feta P.D.O. sir, zoren v slanici.",
    "detailed_images": [
      {
        "url": "https://imgproxy-retcat.assets.schwarz/zUzIQ5LuJZVOF6ZXNhsE4Tr_b9Nm0NC4xWnCFAtDAnE/sm:1/w:427/h:320/cz/M6Ly9wcm9kLWNhd/GFsb2ctbWVkaWEvc2kvMS9DQzRFOTgzODM2RUQ0QjEzNkE1MzU0QTJ/EMkZCNTcyMEQ2M0MwMzg0NDk1RUZCMDRFQTg1NENFRjMyNDBFRDBELmpwZw.jpg",
        "accessibility": "Delova feta P.D.O. sir, zoren v slanici."
      }
    ],
    "analytics_category": "Food",
    "more_details": "Dodatne podrobnosti o izdelku",
    "won_category_primary": "Svetovi potreb/Hrana in bližnja hrana/Sir in mlečni izdelki (vključno z maslom in sirom)",
    "won_category_primary_path": "0/17/1718",
    "canonical_path": "/p/deluxe-grska-feta/p10082599",
    "canonical_url": "/p/deluxe-grska-feta/p10082599",
    "awards": [],
    "seals": [
      {
        "altText": "Nalepka: NOVO!",
        "image": "https://imgproxy-retcat.assets.schwarz/gW7U9oAMEinoB9aSfR-kefCuzYAnn4a_JeAvwiBZ8jM/sm:1/w:140/cz/M6Ly9wcm9kLWNhd/GFsb2ctbWVkaWEvc2kvMi8xMzJDOEE4QTc5MEM1OUI0Q0UxNUQ5OUV/GRjE1MTJBOThEN0JEOEI5NEU0MzkzRkRGQjk3Q0NCOUE5MjIxODNCLnBuZw.png"
      },
      {
        "altText": "Zaščitena geografska označba.",
        "image": "https://imgproxy-retcat.assets.schwarz/_PX8a9ovPPIAMMhApUyVjwRpKjqO6NwgFml1X_VaTJE/sm:1/w:140/cz/M6Ly9wcm9kLWNhd/GFsb2ctbWVkaWEvc2kvMi80QTBEN0IxODlBRDM2MTJGMERDOTI1MDQ/zQkUyQzg0Nzc2RERFMkFCNjUzRUFFRDlFNzhDNDY2ODM2ODhCRUVFLnBuZw.png"
      }
    ],
    "ribbons": [],
    "highlighted_seals": 0,
    "lidl_plus": [],
    "regions": [],
    "ians": [
      "6211913"
    ],
    "show_brand": true,
    "deal_of_day_active": false,
    "full_title_meta": "DELUXE Grška feta",
    "lists": [
      4991
    ],
    "preview": false,
    "category_breadcrumbs": [
      {
        "id": "10068374",
        "name": "Hrana in pijača",
        "url": "/c/hrana-in-pijaca/s10068374",
        "hidden": false
      },
      {
        "id": "10071017",
        "name": " Sir &  Mlečni izdelki",
        "url": "/h/sir-mlecni-izdelki/h10071017",
        "hidden": false
      }
    ],
    "campaigns": [
      {
        "id": "Current_Sales_Week",
        "name": "Ta teden",
        "url": null,
        "hidden": false
      },
      {
        "id": "10075259",
        "name": "Deluxe - Gurmanski okus poletja",
        "url": "/c/deluxe-gurmanski-okus-poletja/a10075259",
        "hidden": false
      }
    ],
    "world_of_needs_code": "1718",
    "world_of_needs_name": "Sir in mlečni izdelki (vključno z maslom in sirom)",
    "world_of_needs_parent": "17",
    "is_main_category": true,
    "super_categories": [
      {
        "code": "17",
        "name": "Hrana in bližnja hrana",
        "parent": "0"
      },
      {
        "code": "0",
        "name": "Svetovi potreb",
        "parent": ""
      }
    ],
    "position": 193,
    "tracking_payload": {
      "searchTrackingMasterId": "Product.10082599",
      "searchTrackingTitle": "Gr%C5%A1ka+feta",
      "searchTrackingPageSize": 100,
      "searchTrackingPage": 2,
      "searchTrackingEvent": "click",
      "list": "search",
      "searchTrackingId": "Product.10082599",
      "searchTrackingOrigPos": 1,
      "searchTrackingPos": 193,
      "searchTrackingOrigPageSize": 100,
      "searchTrackingChannel": "SI",
      "category": "Food"
    }
  },
  {
    "code": "10082601",
    "name": "Mlinček s celim poprom",
    "url": "",
    "result_class": "product",
    "type": "product",
    "product_id": 10082601,
    "erp_number": "10082601",
    "item_id": 10082601,
    "full_title": "DELUXE Mlinček s celim poprom",
    "title": "Mlinček s celim poprom",
    "category": "Food",
    "product_type": "RETAIL",
    "age_restriction": false,
    "is_used_product": false,
    "multipack": false,
    "online": false,
    "store": false,
    "quick_add_to_cart": false,
    "flash_sales": false,
    "having_videos": false,
    "having_threesixty": false,
    "price": 3.69,
    "old_price": 0.0,
    "currency_code": "EUR",
    "currency_symbol": "€",
    "has_star": true,
    "has_vat": false,
    "price_theme": "white_red",
    "variants_have_different_prices": false,
    "base_price_text": "1 kg = 43.41/36.90",
    "base_price_prefix": false,
    "packaging_text": "85/100 g",
    "discount_deleted_price": null,
    "discount_text": null,
    "discount_percentage": null,
    "discount_has_star": null,
    "show_discount": null,
    "show_percentage": null,
    "from_recommended_price": null,
    "availability_indicator": 0,
    "online_available": false,
    "min_orderable_quantity": 1,
    "orderable_quantities": [],
    "badge_texts": [
      "od 10.07. v trgovini"
    ],
    "badge_types": [
      "IN_STORE_FROM_DATE_FUTURE"
    ],
    "main_image": "https://imgproxy-retcat.assets.schwarz/oph425eaT-ylvhTLDrtBBoSWdSCk5aFk6KcEUkYLfU4/sm:1/w:427/h:320/cz/M6Ly9wcm9kLWNhd/GFsb2ctbWVkaWEvc2kvMS8yMjhEMUU2MjQ4QkU2N0UyQTg5OThBNEV/GRTc3MjZBMUE4NzMxMDZFMkE1OUFCRUQ3NDc1MDhCOEY4M0IzOTg3LmpwZw.jpg",
    "image_list": [
      "https://imgproxy-retcat.assets.schwarz/oph425eaT-ylvhTLDrtBBoSWdSCk5aFk6KcEUkYLfU4/sm:1/w:427/h:320/cz/M6Ly9wcm9kLWNhd/GFsb2ctbWVkaWEvc2kvMS8yMjhEMUU2MjQ4QkU2N0UyQTg5OThBNEV/GRTc3MjZBMUE4NzMxMDZFMkE1OUFCRUQ3NDc1MDhCOEY4M0IzOTg3LmpwZw.jpg",
      "https://imgproxy-retcat.assets.schwarz/9nDoMQQqkc_wITHfI8Ix4KJ2QCv9FrPfQvWJclr5EYk/sm:1/w:427/h:320/cz/M6Ly9wcm9kLWNhd/GFsb2ctbWVkaWEvc2kvMS8wRTkyNUYyNkIxM0M0QTQ4NEJFRTg4NkY/4QzlDNENCMUY3QjEzNzBFREU1MkU3MDE4OUMyRUQ1ODQwNDcwQTEwLmpwZw.jpg",
      "https://imgproxy-retcat.assets.schwarz/9qrmpjs9flrXMcuZnNJIAyCGfGKK2s0JmgQl_y3Tjlo/sm:1/w:427/h:320/cz/M6Ly9wcm9kLWNhd/GFsb2ctbWVkaWEvc2kvMS8zQ0Q3QUMwQTBCRDkwNzBBOTdDMzREQjY/1RDc1QUFEM0E5MDMwNzJBOUNFMURGMkVDM0QyMjc0QTcyMURBNjlCLmpwZw.jpg"
    ],
    "image_accessibility": "Tri stekleničke mletega popra Albert Heijn: črni, beli in zeleni.",
    "detailed_images": [
      {
        "url": "https://imgproxy-retcat.assets.schwarz/oph425eaT-ylvhTLDrtBBoSWdSCk5aFk6KcEUkYLfU4/sm:1/w:427/h:320/cz/M6Ly9wcm9kLWNhd/GFsb2ctbWVkaWEvc2kvMS8yMjhEMUU2MjQ4QkU2N0UyQTg5OThBNEV/GRTc3MjZBMUE4NzMxMDZFMkE1OUFCRUQ3NDc1MDhCOEY4M0IzOTg3LmpwZw.jpg",
        "accessibility": "Tri stekleničke mletega popra Albert Heijn: črni, beli in zeleni."
      },
      {
        "url": "https://imgproxy-retcat.assets.schwarz/9nDoMQQqkc_wITHfI8Ix4KJ2QCv9FrPfQvWJclr5EYk/sm:1/w:427/h:320/cz/M6Ly9wcm9kLWNhd/GFsb2ctbWVkaWEvc2kvMS8wRTkyNUYyNkIxM0M0QTQ4NEJFRTg4NkY/4QzlDNENCMUY3QjEzNzBFREU1MkU3MDE4OUMyRUQ1ODQwNDcwQTEwLmpwZw.jpg",
        "accessibility": "Steklenica črnega soli v mlinčku za sol."
      },
      {
        "url": "https://imgproxy-retcat.assets.schwarz/9qrmpjs9flrXMcuZnNJIAyCGfGKK2s0JmgQl_y3Tjlo/sm:1/w:427/h:320/cz/M6Ly9wcm9kLWNhd/GFsb2ctbWVkaWEvc2kvMS8zQ0Q3QUMwQTBCRDkwNzBBOTdDMzREQjY/1RDc1QUFEM0E5MDMwNzJBOUNFMURGMkVDM0QyMjc0QTcyMURBNjlCLmpwZw.jpg",
        "accessibility": "Steklenica črnega solila v mlinčku."
      }
    ],
    "analytics_category": "Food",
    "more_details": "Dodatne podrobnosti o izdelku",
    "won_category_primary": "Svetovi potreb/Hrana in bližnja hrana/Začimbe, gorčica in omake",
    "won_category_primary_path": "0/17/1736",
    "canonical_path": "/p/deluxe-mlincek-s-celim-poprom/p10082601",
    "canonical_url": "/p/deluxe-mlincek-s-celim-poprom/p10082601",
    "awards": [],
    "seals": [
      {
        "altText": "Nalepka: NOVO!",
        "image": "https://imgproxy-retcat.assets.schwarz/gW7U9oAMEinoB9aSfR-kefCuzYAnn4a_JeAvwiBZ8jM/sm:1/w:140/cz/M6Ly9wcm9kLWNhd/GFsb2ctbWVkaWEvc2kvMi8xMzJDOEE4QTc5MEM1OUI0Q0UxNUQ5OUV/GRjE1MTJBOThEN0JEOEI5NEU0MzkzRkRGQjk3Q0NCOUE5MjIxODNCLnBuZw.png"
      }
    ],
    "ribbons": [],
    "highlighted_seals": 0,
    "lidl_plus": [],
    "regions": [],
    "ians": [
      "108674"
    ],
    "show_brand": true,
    "deal_of_day_active": false,
    "full_title_meta": "DELUXE Mlinček s celim poprom",
    "lists": [
      4991
    ],
    "preview": false,
    "category_breadcrumbs": [
      {
        "id": "10068374",
        "name": "Hrana in pijača",
        "url": "/c/hrana-in-pijaca/s10068374",
        "hidden": false
      },
      {
        "id": "10071682",
        "name": "Začimbe, gorčica in omake",
        "url": "/h/zacimbe-gorcica-in-omake/h10071682",
        "hidden": false
      }
    ],
    "campaigns": [
      {
        "id": "Current_Sales_Week",
        "name": "Ta teden",
        "url": null,
        "hidden": false
      },
      {
        "id": "10075259",
        "name": "Deluxe - Gurmanski okus poletja",
        "url": "/c/deluxe-gurmanski-okus-poletja/a10075259",
        "hidden": false
      }
    ],
    "world_of_needs_code": "1736",
    "world_of_needs_name": "Začimbe, gorčica in omake",
    "world_of_needs_parent": "17",
    "is_main_category": true,
    "super_categories": [
      {
        "code": "17",
        "name": "Hrana in bližnja hrana",
        "parent": "0"
      },
      {
        "code": "0",
        "name": "Svetovi potreb",
        "parent": ""
      }
    ],
    "position": 194,
    "tracking_payload": {
      "searchTrackingMasterId": "Product.10082601",
      "searchTrackingTitle": "Mlin%C4%8Dek+s+celim+poprom",
      "searchTrackingPageSize": 100,
      "searchTrackingPage": 2,
      "searchTrackingEvent": "click",
      "list": "search",
      "searchTrackingId": "Product.10082601",
      "searchTrackingOrigPos": 1,
      "searchTrackingPos": 194,
      "searchTrackingOrigPageSize": 100,
      "searchTrackingChannel": "SI",
      "category": "Food"
    }
  },
  {
    "code": "10082603",
    "name": "Francoski sir z modro plesnijo „Roquefort”",
    "url": "",
    "result_class": "product",
    "type": "product",
    "product_id": 10082603,
    "erp_number": "10082603",
    "item_id": 10082603,
    "full_title": "DELUXE Francoski sir z modro plesnijo „Roquefort”",
    "title": "Francoski sir z modro plesnijo „Roquefort”",
    "category": "Food",
    "product_type": "RETAIL",
    "age_restriction": false,
    "is_used_product": false,
    "multipack": false,
    "online": false,
    "store": false,
    "quick_add_to_cart": false,
    "flash_sales": false,
    "having_videos": false,
    "having_threesixty": false,
    "price": 2.39,
    "old_price": 0.0,
    "currency_code": "EUR",
    "currency_symbol": "€",
    "has_star": true,
    "has_vat": false,
    "price_theme": "white_red",
    "variants_have_different_prices": false,
    "base_price_text": "1 kg = 23.90",
    "base_price_prefix": false,
    "packaging_text": "100 g",
    "discount_deleted_price": null,
    "discount_text": "ZGRABITE PRILOŽNOST!",
    "discount_percentage": null,
    "discount_has_star": false,
    "show_discount": false,
    "show_percentage": false,
    "from_recommended_price": false,
    "availability_indicator": 0,
    "online_available": false,
    "min_orderable_quantity": 1,
    "orderable_quantities": [],
    "badge_texts": [
      "od 10.07. v trgovini"
    ],
    "badge_types": [
      "IN_STORE_FROM_DATE_FUTURE"
    ],
    "main_image": "https://imgproxy-retcat.assets.schwarz/vSrByj3RT2tocZ0ZP2JnJLQWbQL103o_ia6Y-8GuWZQ/sm:1/w:427/h:320/cz/M6Ly9wcm9kLWNhd/GFsb2ctbWVkaWEvc2kvMS83MkYyQjVCMjdGMTE2RTBBQUFGMUVDMTc/4QjZCNTk4QUEzMTU5MERCNTdCNDA5RDZEODQwODBDNzAxRENBODc4LmpwZw.jpg",
    "image_list": [
      "https://imgproxy-retcat.assets.schwarz/vSrByj3RT2tocZ0ZP2JnJLQWbQL103o_ia6Y-8GuWZQ/sm:1/w:427/h:320/cz/M6Ly9wcm9kLWNhd/GFsb2ctbWVkaWEvc2kvMS83MkYyQjVCMjdGMTE2RTBBQUFGMUVDMTc/4QjZCNTk4QUEzMTU5MERCNTdCNDA5RDZEODQwODBDNzAxRENBODc4LmpwZw.jpg"
    ],
    "image_accessibility": "Pakiranje Lactalisovega sira Roquefort iz ovčjega mleka.",
    "detailed_images": [
      {
        "url": "https://imgproxy-retcat.assets.schwarz/vSrByj3RT2tocZ0ZP2JnJLQWbQL103o_ia6Y-8GuWZQ/sm:1/w:427/h:320/cz/M6Ly9wcm9kLWNhd/GFsb2ctbWVkaWEvc2kvMS83MkYyQjVCMjdGMTE2RTBBQUFGMUVDMTc/4QjZCNTk4QUEzMTU5MERCNTdCNDA5RDZEODQwODBDNzAxRENBODc4LmpwZw.jpg",
        "accessibility": "Pakiranje Lactalisovega sira Roquefort iz ovčjega mleka."
      }
    ],
    "analytics_category": "Food",
    "more_details": "Dodatne podrobnosti o izdelku",
    "won_category_primary": "Svetovi potreb/Hrana in bližnja hrana/Sir in mlečni izdelki (vključno z maslom in sirom)",
    "won_category_primary_path": "0/17/1718",
    "canonical_path": "/p/deluxe-francoski-sir-z-modro-plesnijo-roquefort/p10082603",
    "canonical_url": "/p/deluxe-francoski-sir-z-modro-plesnijo-roquefort/p10082603",
    "awards": [],
    "seals": [
      {
        "altText": "Zaščitena geografska označba.",
        "image": "https://imgproxy-retcat.assets.schwarz/_PX8a9ovPPIAMMhApUyVjwRpKjqO6NwgFml1X_VaTJE/sm:1/w:140/cz/M6Ly9wcm9kLWNhd/GFsb2ctbWVkaWEvc2kvMi80QTBEN0IxODlBRDM2MTJGMERDOTI1MDQ/zQkUyQzg0Nzc2RERFMkFCNjUzRUFFRDlFNzhDNDY2ODM2ODhCRUVFLnBuZw.png"
      },
      {
        "altText": "Nalepka: Hlajeno",
        "image": "https://imgproxy-retcat.assets.schwarz/7x3Iby7aD19hFySDnP2YoXt7E1r0JrvJVj0QO1gUOes/sm:1/w:140/cz/M6Ly9wcm9kLWNhd/GFsb2ctbWVkaWEvc2kvMi8xMzFBN0E2RDlCREZGREQxOEE2OTFDNEZ/FNDE5RTM0QUMxQjY4OEQ0OUY2QTAxMTRDRjQ1RjdCNTNDRjM2NUJBLnBuZw.png"
      }
    ],
    "ribbons": [],
    "highlighted_seals": 0,
    "lidl_plus": [],
    "regions": [],
    "ians": [
      "139128"
    ],
    "show_brand": true,
    "deal_of_day_active": false,
    "full_title_meta": "DELUXE Francoski sir z modro plesnijo „Roquefort”",
    "lists": [
      4991
    ],
    "preview": false,
    "category_breadcrumbs": [
      {
        "id": "10068374",
        "name": "Hrana in pijača",
        "url": "/c/hrana-in-pijaca/s10068374",
        "hidden": false
      },
      {
        "id": "10071017",
        "name": " Sir &  Mlečni izdelki",
        "url": "/h/sir-mlecni-izdelki/h10071017",
        "hidden": false
      }
    ],
    "campaigns": [
      {
        "id": "Current_Sales_Week",
        "name": "Ta teden",
        "url": null,
        "hidden": false
      },
      {
        "id": "10075259",
        "name": "Deluxe - Gurmanski okus poletja",
        "url": "/c/deluxe-gurmanski-okus-poletja/a10075259",
        "hidden": false
      }
    ],
    "world_of_needs_code": "1718",
    "world_of_needs_name": "Sir in mlečni izdelki (vključno z maslom in sirom)",
    "world_of_needs_parent": "17",
    "is_main_category": true,
    "super_categories": [
      {
        "code": "17",
        "name": "Hrana in bližnja hrana",
        "parent": "0"
      },
      {
        "code": "0",
        "name": "Svetovi potreb",
        "parent": ""
      }
    ],
    "position": 195,
    "tracking_payload": {
      "searchTrackingMasterId": "Product.10082603",
      "searchTrackingTitle": "Francoski+sir+z+modro+plesnijo+%E2%80%9ERoquefort%E2%80%9D",
      "searchTrackingPageSize": 100,
      "searchTrackingPage": 2,
      "searchTrackingEvent": "click",
      "list": "search",
      "searchTrackingId": "Product.10082603",
      "searchTrackingOrigPos": 1,
      "searchTrackingPos": 195,
      "searchTrackingOrigPageSize": 100,
      "searchTrackingChannel": "SI",
      "category": "Food"
    }
  },
  {
    "code": "10082605",
    "name": "Izbor oliv",
    "url": "",
    "result_class": "product",
    "type": "product",
    "product_id": 10082605,
    "erp_number": "10082605",
    "item_id": 10082605,
    "full_title": "DELUXE Izbor oliv",
    "title": "Izbor oliv",
    "category": "Food",
    "product_type": "RETAIL",
    "age_restriction": false,
    "is_used_product": false,
    "multipack": false,
    "online": false,
    "store": false,
    "quick_add_to_cart": false,
    "flash_sales": false,
    "having_videos": false,
    "having_threesixty": false,
    "price": 1.99,
    "old_price": 0.0,
    "currency_code": "EUR",
    "currency_symbol": "€",
    "has_star": true,
    "has_vat": false,
    "price_theme": "white_red",
    "variants_have_different_prices": false,
    "base_price_text": "1 kg = 13.27",
    "base_price_prefix": false,
    "packaging_text": "150 g",
    "discount_deleted_price": null,
    "discount_text": null,
    "discount_percentage": null,
    "discount_has_star": null,
    "show_discount": null,
    "show_percentage": null,
    "from_recommended_price": null,
    "availability_indicator": 0,
    "online_available": false,
    "min_orderable_quantity": 1,
    "orderable_quantities": [],
    "badge_texts": [
      "od 10.07. v trgovini"
    ],
    "badge_types": [
      "IN_STORE_FROM_DATE_FUTURE"
    ],
    "main_image": "https://imgproxy-retcat.assets.schwarz/g7k1kVJhh86zpcIr3Q0xS2TDQumgnwsm6s1bmar_HoA/sm:1/w:427/h:320/cz/M6Ly9wcm9kLWNhd/GFsb2ctbWVkaWEvc2kvMS8zMkZGNTgwQzVEOTM4RjZCOTk1NEFERDE/yQjREMjY1RjZFOEU1Rjk4RkNBOTY3QjA2OTVGRkM2RkI4Q0JBMjRFLmpwZw.jpg",
    "image_list": [
      "https://imgproxy-retcat.assets.schwarz/g7k1kVJhh86zpcIr3Q0xS2TDQumgnwsm6s1bmar_HoA/sm:1/w:427/h:320/cz/M6Ly9wcm9kLWNhd/GFsb2ctbWVkaWEvc2kvMS8zMkZGNTgwQzVEOTM4RjZCOTk1NEFERDE/yQjREMjY1RjZFOEU1Rjk4RkNBOTY3QjA2OTVGRkM2RkI4Q0JBMjRFLmpwZw.jpg",
      "https://imgproxy-retcat.assets.schwarz/HRmAP4EPwTCS_MUk_1MswX0luFwWDLBs6iw25eg9g2Y/sm:1/w:427/h:320/cz/M6Ly9wcm9kLWNhd/GFsb2ctbWVkaWEvc2kvMS8wOTJEREVFMTQwMUIyNDY3N0VFMDY0MkV/BQzAzRDZCOUI2MTA0QkU0NUY5RTRENDE5Q0Q5OEJBMjY1MkJBODE4LmpwZw.jpg",
      "https://imgproxy-retcat.assets.schwarz/jKQ4TG7t0nkZJK_H_KPZhVUErgccqiFeEsRYsNJoYAA/sm:1/w:427/h:320/cz/M6Ly9wcm9kLWNhd/GFsb2ctbWVkaWEvc2kvMS82MDM5Qzg0NTA2MDYxMzNCQkE4QzZFOUF/DRkQzMTFFRDRBNzFERTY3NkM2M0MzOERDRTA1ODlBNzE1Qjg4NjcwLmpwZw.jpg"
    ],
    "image_accessibility": "Tri posode z različnimi vrstami oljk.",
    "detailed_images": [
      {
        "url": "https://imgproxy-retcat.assets.schwarz/g7k1kVJhh86zpcIr3Q0xS2TDQumgnwsm6s1bmar_HoA/sm:1/w:427/h:320/cz/M6Ly9wcm9kLWNhd/GFsb2ctbWVkaWEvc2kvMS8zMkZGNTgwQzVEOTM4RjZCOTk1NEFERDE/yQjREMjY1RjZFOEU1Rjk4RkNBOTY3QjA2OTVGRkM2RkI4Q0JBMjRFLmpwZw.jpg",
        "accessibility": "Tri posode z različnimi vrstami oljk."
      },
      {
        "url": "https://imgproxy-retcat.assets.schwarz/HRmAP4EPwTCS_MUk_1MswX0luFwWDLBs6iw25eg9g2Y/sm:1/w:427/h:320/cz/M6Ly9wcm9kLWNhd/GFsb2ctbWVkaWEvc2kvMS8wOTJEREVFMTQwMUIyNDY3N0VFMDY0MkV/BQzAzRDZCOUI2MTA0QkU0NUY5RTRENDE5Q0Q5OEJBMjY1MkJBODE4LmpwZw.jpg",
        "accessibility": "Posoda Deliss zelenih oliv."
      },
      {
        "url": "https://imgproxy-retcat.assets.schwarz/jKQ4TG7t0nkZJK_H_KPZhVUErgccqiFeEsRYsNJoYAA/sm:1/w:427/h:320/cz/M6Ly9wcm9kLWNhd/GFsb2ctbWVkaWEvc2kvMS82MDM5Qzg0NTA2MDYxMzNCQkE4QzZFOUF/DRkQzMTFFRDRBNzFERTY3NkM2M0MzOERDRTA1ODlBNzE1Qjg4NjcwLmpwZw.jpg",
        "accessibility": "Posoda z zelenimi oljkami Deliss."
      }
    ],
    "analytics_category": "Food",
    "more_details": "Dodatne podrobnosti o izdelku",
    "won_category_primary": "Svetovi potreb/Hrana in bližnja hrana/Maščobe, olja, kis in konzerve",
    "won_category_primary_path": "0/17/1735",
    "canonical_path": "/p/deluxe-izbor-oliv/p10082605",
    "canonical_url": "/p/deluxe-izbor-oliv/p10082605",
    "awards": [],
    "seals": [
      {
        "altText": "Nalepka: Hlajeno",
        "image": "https://imgproxy-retcat.assets.schwarz/7x3Iby7aD19hFySDnP2YoXt7E1r0JrvJVj0QO1gUOes/sm:1/w:140/cz/M6Ly9wcm9kLWNhd/GFsb2ctbWVkaWEvc2kvMi8xMzFBN0E2RDlCREZGREQxOEE2OTFDNEZ/FNDE5RTM0QUMxQjY4OEQ0OUY2QTAxMTRDRjQ1RjdCNTNDRjM2NUJBLnBuZw.png"
      }
    ],
    "ribbons": [],
    "highlighted_seals": 0,
    "lidl_plus": [],
    "regions": [],
    "ians": [
      "171233"
    ],
    "show_brand": true,
    "deal_of_day_active": false,
    "full_title_meta": "DELUXE Izbor oliv",
    "lists": [
      4991
    ],
    "preview": false,
    "category_breadcrumbs": [
      {
        "id": "10068374",
        "name": "Hrana in pijača",
        "url": "/c/hrana-in-pijaca/s10068374",
        "hidden": false
      },
      {
        "id": "10071681",
        "name": "Maščobe, olja, kis in konzerve",
        "url": "/h/mascobe-olja-kis-in-konzerve/h10071681",
        "hidden": false
      }
    ],
    "campaigns": [
      {
        "id": "Current_Sales_Week",
        "name": "Ta teden",
        "url": null,
        "hidden": false
      },
      {
        "id": "10075259",
        "name": "Deluxe - Gurmanski okus poletja",
        "url": "/c/deluxe-gurmanski-okus-poletja/a10075259",
        "hidden": false
      }
    ],
    "world_of_needs_code": "1735",
    "world_of_needs_name": "Maščobe, olja, kis in konzerve",
    "world_of_needs_parent": "17",
    "is_main_category": true,
    "super_categories": [
      {
        "code": "17",
        "name": "Hrana in bližnja hrana",
        "parent": "0"
      },
      {
        "code": "0",
        "name": "Svetovi potreb",
        "parent": ""
      }
    ],
    "position": 196,
    "tracking_payload": {
      "searchTrackingMasterId": "Product.10082605",
      "searchTrackingTitle": "Izbor+oliv",
      "searchTrackingPageSize": 100,
      "searchTrackingPage": 2,
      "searchTrackingEvent": "click",
      "list": "search",
      "searchTrackingId": "Product.10082605",
      "searchTrackingOrigPos": 1,
      "searchTrackingPos": 196,
      "searchTrackingOrigPageSize": 100,
      "searchTrackingChannel": "SI",
      "category": "Food"
    }
  },
  {
    "code": "10082607",
    "name": "Dimljena salama s parmezanom",
    "url": "",
    "result_class": "product",
    "type": "product",
    "product_id": 10082607,
    "erp_number": "10082607",
    "item_id": 10082607,
    "full_title": "DELUXE Dimljena salama s parmezanom",
    "title": "Dimljena salama s parmezanom",
    "category": "Food",
    "product_type": "RETAIL",
    "age_restriction": false,
    "is_used_product": false,
    "multipack": false,
    "online": false,
    "store": false,
    "quick_add_to_cart": false,
    "flash_sales": false,
    "having_videos": false,
    "having_threesixty": false,
    "price": 1.99,
    "old_price": 0.0,
    "currency_code": "EUR",
    "currency_symbol": "€",
    "has_star": true,
    "has_vat": false,
    "price_theme": "white_red",
    "variants_have_different_prices": false,
    "base_price_text": "1 kg = 33.17",
    "base_price_prefix": false,
    "packaging_text": "60 g",
    "discount_deleted_price": null,
    "discount_text": null,
    "discount_percentage": null,
    "discount_has_star": null,
    "show_discount": null,
    "show_percentage": null,
    "from_recommended_price": null,
    "availability_indicator": 0,
    "online_available": false,
    "min_orderable_quantity": 1,
    "orderable_quantities": [],
    "badge_texts": [
      "od 10.07. v trgovini"
    ],
    "badge_types": [
      "IN_STORE_FROM_DATE_FUTURE"
    ],
    "main_image": "https://imgproxy-retcat.assets.schwarz/yxRQAwg2ai_-ut04-EzCx1irzgoODNhmyHWH-wcxixU/sm:1/w:427/h:320/cz/M6Ly9wcm9kLWNhd/GFsb2ctbWVkaWEvc2kvMS81NzM2NjhERjQ0MkUwMTBGNTc3NzFCOTM/2M0RGRDVDNUM3NzYzOEE3OEU2MEQ5NkU5NjE1Q0VCMTk4QTlFNDc4LmpwZw.jpg",
    "image_list": [
      "https://imgproxy-retcat.assets.schwarz/yxRQAwg2ai_-ut04-EzCx1irzgoODNhmyHWH-wcxixU/sm:1/w:427/h:320/cz/M6Ly9wcm9kLWNhd/GFsb2ctbWVkaWEvc2kvMS81NzM2NjhERjQ0MkUwMTBGNTc3NzFCOTM/2M0RGRDVDNUM3NzYzOEE3OEU2MEQ5NkU5NjE1Q0VCMTk4QTlFNDc4LmpwZw.jpg",
      "https://imgproxy-retcat.assets.schwarz/bcVhdX-tSj4pKsCvpcr-XSB15sjb0k-i5VaeiVIYi58/sm:1/w:427/h:320/cz/M6Ly9wcm9kLWNhd/GFsb2ctbWVkaWEvc2kvMS9BODZBMEE0NjA3MTQzQTgyQzQ2NzY1Rjk/5ODFCNEJBNTI4RjJERDE1MkFGNDZEREU2RjdFMzFDRjAyRDQ4OTk5LmpwZw.jpg",
      "https://imgproxy-retcat.assets.schwarz/Ihk72wof80yybo6gftR6wqY2zK36Fx5Gq0j3a0gM7b0/sm:1/w:427/h:320/cz/M6Ly9wcm9kLWNhd/GFsb2ctbWVkaWEvc2kvMS9DOTIzMzFDREY4MEUzN0JENzNBNTQxMUJ/DNTFBN0YzRkNFQzk5Q0M2MTU4RTFFNkYzMTFBNUFFMzE2MjcxQzM0LmpwZw.jpg"
    ],
    "image_accessibility": "Dve embalaži salam s sirovim nadevom, blagovna znamka Arla.",
    "detailed_images": [
      {
        "url": "https://imgproxy-retcat.assets.schwarz/yxRQAwg2ai_-ut04-EzCx1irzgoODNhmyHWH-wcxixU/sm:1/w:427/h:320/cz/M6Ly9wcm9kLWNhd/GFsb2ctbWVkaWEvc2kvMS81NzM2NjhERjQ0MkUwMTBGNTc3NzFCOTM/2M0RGRDVDNUM3NzYzOEE3OEU2MEQ5NkU5NjE1Q0VCMTk4QTlFNDc4LmpwZw.jpg",
        "accessibility": "Dve embalaži salam s sirovim nadevom, blagovna znamka Arla."
      },
      {
        "url": "https://imgproxy-retcat.assets.schwarz/bcVhdX-tSj4pKsCvpcr-XSB15sjb0k-i5VaeiVIYi58/sm:1/w:427/h:320/cz/M6Ly9wcm9kLWNhd/GFsb2ctbWVkaWEvc2kvMS9BODZBMEE0NjA3MTQzQTgyQzQ2NzY1Rjk/5ODFCNEJBNTI4RjJERDE1MkFGNDZEREU2RjdFMzFDRjAyRDQ4OTk5LmpwZw.jpg",
        "accessibility": "Delicejeva dimljena salama z nadevom iz parmezana."
      },
      {
        "url": "https://imgproxy-retcat.assets.schwarz/Ihk72wof80yybo6gftR6wqY2zK36Fx5Gq0j3a0gM7b0/sm:1/w:427/h:320/cz/M6Ly9wcm9kLWNhd/GFsb2ctbWVkaWEvc2kvMS9DOTIzMzFDREY4MEUzN0JENzNBNTQxMUJ/DNTFBN0YzRkNFQzk5Q0M2MTU4RTFFNkYzMTFBNUFFMzE2MjcxQzM0LmpwZw.jpg",
        "accessibility": "Pakirana dimljena salama z nadevom iz parmezana, znamka Delacre."
      }
    ],
    "analytics_category": "Food",
    "more_details": "Dodatne podrobnosti o izdelku",
    "won_category_primary": "Svetovi potreb/Hrana in bližnja hrana/Klobase in meso",
    "won_category_primary_path": "0/17/1717",
    "canonical_path": "/p/deluxe-dimljena-salama-s-parmezanom/p10082607",
    "canonical_url": "/p/deluxe-dimljena-salama-s-parmezanom/p10082607",
    "awards": [],
    "seals": [
      {
        "altText": "Nalepka: Hlajeno",
        "image": "https://imgproxy-retcat.assets.schwarz/7x3Iby7aD19hFySDnP2YoXt7E1r0JrvJVj0QO1gUOes/sm:1/w:140/cz/M6Ly9wcm9kLWNhd/GFsb2ctbWVkaWEvc2kvMi8xMzFBN0E2RDlCREZGREQxOEE2OTFDNEZ/FNDE5RTM0QUMxQjY4OEQ0OUY2QTAxMTRDRjQ1RjdCNTNDRjM2NUJBLnBuZw.png"
      }
    ],
    "ribbons": [],
    "highlighted_seals": 0,
    "lidl_plus": [],
    "regions": [],
    "ians": [
      "213334"
    ],
    "show_brand": true,
    "deal_of_day_active": false,
    "full_title_meta": "DELUXE Dimljena salama s parmezanom",
    "lists": [
      4991
    ],
    "preview": false,
    "category_breadcrumbs": [
      {
        "id": "10068374",
        "name": "Hrana in pijača",
        "url": "/c/hrana-in-pijaca/s10068374",
        "hidden": false
      },
      {
        "id": "10071016",
        "name": "Meso in mesni izdelki",
        "url": "/h/meso-in-mesni-izdelki/h10071016",
        "hidden": false
      }
    ],
    "campaigns": [
      {
        "id": "Current_Sales_Week",
        "name": "Ta teden",
        "url": null,
        "hidden": false
      },
      {
        "id": "10075259",
        "name": "Deluxe - Gurmanski okus poletja",
        "url": "/c/deluxe-gurmanski-okus-poletja/a10075259",
        "hidden": false
      }
    ],
    "world_of_needs_code": "1717",
    "world_of_needs_name": "Klobase in meso",
    "world_of_needs_parent": "17",
    "is_main_category": true,
    "super_categories": [
      {
        "code": "17",
        "name": "Hrana in bližnja hrana",
        "parent": "0"
      },
      {
        "code": "0",
        "name": "Svetovi potreb",
        "parent": ""
      }
    ],
    "position": 197,
    "tracking_payload": {
      "searchTrackingMasterId": "Product.10082607",
      "searchTrackingTitle": "Dimljena+salama+s+parmezanom",
      "searchTrackingPageSize": 100,
      "searchTrackingPage": 2,
      "searchTrackingEvent": "click",
      "list": "search",
      "searchTrackingId": "Product.10082607",
      "searchTrackingOrigPos": 1,
      "searchTrackingPos": 197,
      "searchTrackingOrigPageSize": 100,
      "searchTrackingChannel": "SI",
      "category": "Food"
    }
  },
  {
    "code": "10082611",
    "name": "Začimbe v kozarčku",
    "url": "",
    "result_class": "product",
    "type": "product",
    "product_id": 10082611,
    "erp_number": "10082611",
    "item_id": 10082611,
    "full_title": "DELUXE Začimbe v kozarčku",
    "title": "Začimbe v kozarčku",
    "category": "Food",
    "product_type": "RETAIL",
    "age_restriction": false,
    "is_used_product": false,
    "multipack": false,
    "online": false,
    "store": false,
    "quick_add_to_cart": false,
    "flash_sales": false,
    "having_videos": false,
    "having_threesixty": false,
    "price": 2.49,
    "old_price": 0.0,
    "currency_code": "EUR",
    "currency_symbol": "€",
    "has_star": true,
    "has_vat": false,
    "price_theme": "white_red",
    "variants_have_different_prices": false,
    "base_price_text": "1 kg = 124.50–24.90",
    "base_price_prefix": false,
    "packaging_text": "20–100 g",
    "discount_deleted_price": null,
    "discount_text": null,
    "discount_percentage": null,
    "discount_has_star": null,
    "show_discount": null,
    "show_percentage": null,
    "from_recommended_price": null,
    "availability_indicator": 0,
    "online_available": false,
    "min_orderable_quantity": 1,
    "orderable_quantities": [],
    "badge_texts": [
      "od 10.07. v trgovini"
    ],
    "badge_types": [
      "IN_STORE_FROM_DATE_FUTURE"
    ],
    "main_image": "https://imgproxy-retcat.assets.schwarz/3-JTvsFe5_ftXLTvhi2oBqLbLlOkVLAQ29DNwKxX4Pw/sm:1/w:427/h:320/cz/M6Ly9wcm9kLWNhd/GFsb2ctbWVkaWEvc2kvMS9GMDM2MEZBODBDMUNGQkJGMzE5Q0Y3Qzh/BNzlFRDJFRUEwQUY5NTU5NjhERkFCMjAyQTlBREU5RENDNTU0OEMxLmpwZw.jpg",
    "image_list": [
      "https://imgproxy-retcat.assets.schwarz/3-JTvsFe5_ftXLTvhi2oBqLbLlOkVLAQ29DNwKxX4Pw/sm:1/w:427/h:320/cz/M6Ly9wcm9kLWNhd/GFsb2ctbWVkaWEvc2kvMS9GMDM2MEZBODBDMUNGQkJGMzE5Q0Y3Qzh/BNzlFRDJFRUEwQUY5NTU5NjhERkFCMjAyQTlBREU5RENDNTU0OEMxLmpwZw.jpg",
      "https://imgproxy-retcat.assets.schwarz/nTlNY2v23b3_ggc8L1OaOyrNCXy0NCC5cpFnx3WTWiM/sm:1/w:427/h:320/cz/M6Ly9wcm9kLWNhd/GFsb2ctbWVkaWEvc2kvMS8xNTc5MkJFRTI5MEE2RTZFMjJBREVFQjk/yRTU4QTFCNENBOEE0QzAwNDY4RTIyNzg3Q0MxRDRCRkUxQjg0MkI5LmpwZw.jpg",
      "https://imgproxy-retcat.assets.schwarz/_5dfgluSqn08x31GV0Ljsb5Krlx0CZ-NgHFN-cOiMB8/sm:1/w:427/h:320/cz/M6Ly9wcm9kLWNhd/GFsb2ctbWVkaWEvc2kvMS84NDJDQjRCMkNFNTUzRjMzRUYwOEU1MTR/DODM5MTBBMTUwRTZBMTUxQUIxNkM2REFFRUNCMjhBMzU1NEUwRTZCLmpwZw.jpg"
    ],
    "image_accessibility": "Tri stekleničke začimb Dubon: zeliščna mešanica, kari in provansalska zelišča.",
    "detailed_images": [
      {
        "url": "https://imgproxy-retcat.assets.schwarz/3-JTvsFe5_ftXLTvhi2oBqLbLlOkVLAQ29DNwKxX4Pw/sm:1/w:427/h:320/cz/M6Ly9wcm9kLWNhd/GFsb2ctbWVkaWEvc2kvMS9GMDM2MEZBODBDMUNGQkJGMzE5Q0Y3Qzh/BNzlFRDJFRUEwQUY5NTU5NjhERkFCMjAyQTlBREU5RENDNTU0OEMxLmpwZw.jpg",
        "accessibility": "Tri stekleničke začimb Dubon: zeliščna mešanica, kari in provansalska zelišča."
      },
      {
        "url": "https://imgproxy-retcat.assets.schwarz/nTlNY2v23b3_ggc8L1OaOyrNCXy0NCC5cpFnx3WTWiM/sm:1/w:427/h:320/cz/M6Ly9wcm9kLWNhd/GFsb2ctbWVkaWEvc2kvMS8xNTc5MkJFRTI5MEE2RTZFMjJBREVFQjk/yRTU4QTFCNENBOEE0QzAwNDY4RTIyNzg3Q0MxRDRCRkUxQjg0MkI5LmpwZw.jpg",
        "accessibility": "Steklenica začimb Dolina z mešanico zelišč."
      },
      {
        "url": "https://imgproxy-retcat.assets.schwarz/_5dfgluSqn08x31GV0Ljsb5Krlx0CZ-NgHFN-cOiMB8/sm:1/w:427/h:320/cz/M6Ly9wcm9kLWNhd/GFsb2ctbWVkaWEvc2kvMS84NDJDQjRCMkNFNTUzRjMzRUYwOEU1MTR/DODM5MTBBMTUwRTZBMTUxQUIxNkM2REFFRUNCMjhBMzU1NEUwRTZCLmpwZw.jpg",
        "accessibility": "Steklenica začimb Dolina za pečen piščanec."
      }
    ],
    "analytics_category": "Food",
    "more_details": "Dodatne podrobnosti o izdelku",
    "won_category_primary": "Svetovi potreb/Hrana in bližnja hrana/Začimbe, gorčica in omake",
    "won_category_primary_path": "0/17/1736",
    "canonical_path": "/p/deluxe-zacimbe-v-kozarcku/p10082611",
    "canonical_url": "/p/deluxe-zacimbe-v-kozarcku/p10082611",
    "awards": [],
    "seals": [],
    "ribbons": [],
    "highlighted_seals": 0,
    "lidl_plus": [],
    "regions": [],
    "ians": [
      "172564"
    ],
    "show_brand": true,
    "deal_of_day_active": false,
    "full_title_meta": "DELUXE Začimbe v kozarčku",
    "lists": [
      4991
    ],
    "preview": false,
    "category_breadcrumbs": [
      {
        "id": "10068374",
        "name": "Hrana in pijača",
        "url": "/c/hrana-in-pijaca/s10068374",
        "hidden": false
      },
      {
        "id": "10071682",
        "name": "Začimbe, gorčica in omake",
        "url": "/h/zacimbe-gorcica-in-omake/h10071682",
        "hidden": false
      }
    ],
    "campaigns": [
      {
        "id": "Current_Sales_Week",
        "name": "Ta teden",
        "url": null,
        "hidden": false
      },
      {
        "id": "10075259",
        "name": "Deluxe - Gurmanski okus poletja",
        "url": "/c/deluxe-gurmanski-okus-poletja/a10075259",
        "hidden": false
      }
    ],
    "world_of_needs_code": "1736",
    "world_of_needs_name": "Začimbe, gorčica in omake",
    "world_of_needs_parent": "17",
    "is_main_category": true,
    "super_categories": [
      {
        "code": "17",
        "name": "Hrana in bližnja hrana",
        "parent": "0"
      },
      {
        "code": "0",
        "name": "Svetovi potreb",
        "parent": ""
      }
    ],
    "position": 198,
    "tracking_payload": {
      "searchTrackingMasterId": "Product.10082611",
      "searchTrackingTitle": "Za%C4%8Dimbe+v+kozar%C4%8Dku",
      "searchTrackingPageSize": 100,
      "searchTrackingPage": 2,
      "searchTrackingEvent": "click",
      "list": "search",
      "searchTrackingId": "Product.10082611",
      "searchTrackingOrigPos": 1,
      "searchTrackingPos": 198,
      "searchTrackingOrigPageSize": 100,
      "searchTrackingChannel": "SI",
      "category": "Food"
    }
  },
  {
    "code": "10082613",
    "name": "Valjani rezanci",
    "url": "",
    "result_class": "product",
    "type": "product",
    "product_id": 10082613,
    "erp_number": "10082613",
    "item_id": 10082613,
    "full_title": "DELUXE Valjani rezanci",
    "title": "Valjani rezanci",
    "category": "Food",
    "product_type": "RETAIL",
    "age_restriction": false,
    "is_used_product": false,
    "multipack": false,
    "online": false,
    "store": false,
    "quick_add_to_cart": false,
    "flash_sales": false,
    "having_videos": false,
    "having_threesixty": false,
    "price": 1.99,
    "old_price": 0.0,
    "currency_code": "EUR",
    "currency_symbol": "€",
    "has_star": true,
    "has_vat": false,
    "price_theme": "white_red",
    "variants_have_different_prices": false,
    "base_price_text": "1 kg = 3.98",
    "base_price_prefix": false,
    "packaging_text": "500 g",
    "discount_deleted_price": null,
    "discount_text": null,
    "discount_percentage": null,
    "discount_has_star": null,
    "show_discount": null,
    "show_percentage": null,
    "from_recommended_price": null,
    "availability_indicator": 0,
    "online_available": false,
    "min_orderable_quantity": 1,
    "orderable_quantities": [],
    "badge_texts": [
      "od 10.07. v trgovini"
    ],
    "badge_types": [
      "IN_STORE_FROM_DATE_FUTURE"
    ],
    "main_image": "https://imgproxy-retcat.assets.schwarz/8OYG10dlUqmhDmFT6vSnAJ0OU_ZkNnPd3BsGMrtGIOs/sm:1/w:427/h:320/cz/M6Ly9wcm9kLWNhd/GFsb2ctbWVkaWEvc2kvMS82MkE5QjQzRkY0ODRFMjdCQTY2RDM3MzY/4RTk3REQ4Nzg3NEIxNDM3MzdBNEVBRTU5RUI2MjNFRTBFNURCQzZBLmpwZw.jpg",
    "image_list": [
      "https://imgproxy-retcat.assets.schwarz/8OYG10dlUqmhDmFT6vSnAJ0OU_ZkNnPd3BsGMrtGIOs/sm:1/w:427/h:320/cz/M6Ly9wcm9kLWNhd/GFsb2ctbWVkaWEvc2kvMS82MkE5QjQzRkY0ODRFMjdCQTY2RDM3MzY/4RTk3REQ4Nzg3NEIxNDM3MzdBNEVBRTU5RUI2MjNFRTBFNURCQzZBLmpwZw.jpg",
      "https://imgproxy-retcat.assets.schwarz/RAlTdMfaNWBl9xvkO0dseHyEKTsncCvGQbPxcYswxNQ/sm:1/w:427/h:320/cz/M6Ly9wcm9kLWNhd/GFsb2ctbWVkaWEvc2kvMS9CMUNFMzQ0RDAyRDkzRDEwNDMyN0QwQ0U/0NTU2MkJERjQ2NjRENzNDOUVGRTEzN0Q4MEM1QjBFQzRCMzBBNEMwLmpwZw.jpg",
      "https://imgproxy-retcat.assets.schwarz/twIdxgkr3VmangOeFTsZ1Vm5jEDAsrgLD23Ho-0yUCI/sm:1/w:427/h:320/cz/M6Ly9wcm9kLWNhd/GFsb2ctbWVkaWEvc2kvMS9BRjI0M0NERTZDNTY5NzI4NzFCNUE1REY/5QTAzQUZEOEI1RUVFMDQ3QTIxMDA2NDkwMkY5QTg2MTZDRTIzQjMxLmpwZw.jpg"
    ],
    "image_accessibility": "Dve vrečki testeninov, ena rumena, ena zelena.",
    "detailed_images": [
      {
        "url": "https://imgproxy-retcat.assets.schwarz/8OYG10dlUqmhDmFT6vSnAJ0OU_ZkNnPd3BsGMrtGIOs/sm:1/w:427/h:320/cz/M6Ly9wcm9kLWNhd/GFsb2ctbWVkaWEvc2kvMS82MkE5QjQzRkY0ODRFMjdCQTY2RDM3MzY/4RTk3REQ4Nzg3NEIxNDM3MzdBNEVBRTU5RUI2MjNFRTBFNURCQzZBLmpwZw.jpg",
        "accessibility": "Dve vrečki testeninov, ena rumena, ena zelena."
      },
      {
        "url": "https://imgproxy-retcat.assets.schwarz/RAlTdMfaNWBl9xvkO0dseHyEKTsncCvGQbPxcYswxNQ/sm:1/w:427/h:320/cz/M6Ly9wcm9kLWNhd/GFsb2ctbWVkaWEvc2kvMS9CMUNFMzQ0RDAyRDkzRDEwNDMyN0QwQ0U/0NTU2MkJERjQ2NjRENzNDOUVGRTEzN0Q4MEM1QjBFQzRCMzBBNEMwLmpwZw.jpg",
        "accessibility": "Paket testenin Pici, rumene barve."
      },
      {
        "url": "https://imgproxy-retcat.assets.schwarz/twIdxgkr3VmangOeFTsZ1Vm5jEDAsrgLD23Ho-0yUCI/sm:1/w:427/h:320/cz/M6Ly9wcm9kLWNhd/GFsb2ctbWVkaWEvc2kvMS9BRjI0M0NERTZDNTY5NzI4NzFCNUE1REY/5QTAzQUZEOEI1RUVFMDQ3QTIxMDA2NDkwMkY5QTg2MTZDRTIzQjMxLmpwZw.jpg",
        "accessibility": "Paket zelenih testenin."
      }
    ],
    "analytics_category": "Food",
    "more_details": "Dodatne podrobnosti o izdelku",
    "won_category_primary": "Svetovi potreb/Hrana in bližnja hrana/Jajca in osnovna živila (testenine, moka, stročnice itd.)",
    "won_category_primary_path": "0/17/1715",
    "canonical_path": "/p/deluxe-valjani-rezanci/p10082613",
    "canonical_url": "/p/deluxe-valjani-rezanci/p10082613",
    "awards": [],
    "seals": [],
    "ribbons": [],
    "highlighted_seals": 0,
    "lidl_plus": [],
    "regions": [],
    "ians": [
      "186184"
    ],
    "show_brand": true,
    "deal_of_day_active": false,
    "full_title_meta": "DELUXE Valjani rezanci",
    "lists": [
      4991
    ],
    "preview": false,
    "category_breadcrumbs": [
      {
        "id": "10068374",
        "name": "Hrana in pijača",
        "url": "/c/hrana-in-pijaca/s10068374",
        "hidden": false
      },
      {
        "id": "10071045",
        "name": "Jajca in osnovna živila",
        "url": "/h/jajca-in-osnovna-zivila/h10071045",
        "hidden": false
      }
    ],
    "campaigns": [
      {
        "id": "Current_Sales_Week",
        "name": "Ta teden",
        "url": null,
        "hidden": false
      },
      {
        "id": "10075259",
        "name": "Deluxe - Gurmanski okus poletja",
        "url": "/c/deluxe-gurmanski-okus-poletja/a10075259",
        "hidden": false
      }
    ],
    "world_of_needs_code": "1715",
    "world_of_needs_name": "Jajca in osnovna živila (testenine, moka, stročnice itd.)",
    "world_of_needs_parent": "17",
    "is_main_category": true,
    "super_categories": [
      {
        "code": "17",
        "name": "Hrana in bližnja hrana",
        "parent": "0"
      },
      {
        "code": "0",
        "name": "Svetovi potreb",
        "parent": ""
      }
    ],
    "position": 199,
    "tracking_payload": {
      "searchTrackingMasterId": "Product.10082613",
      "searchTrackingTitle": "Valjani+rezanci",
      "searchTrackingPageSize": 100,
      "searchTrackingPage": 2,
      "searchTrackingEvent": "click",
      "list": "search",
      "searchTrackingId": "Product.10082613",
      "searchTrackingOrigPos": 1,
      "searchTrackingPos": 199,
      "searchTrackingOrigPageSize": 100,
      "searchTrackingChannel": "SI",
      "category": "Food"
    }
  },
  {
    "code": "10082615",
    "name": "Pica",
    "url": "",
    "result_class": "product",
    "type": "product",
    "product_id": 10082615,
    "erp_number": "10082615",
    "item_id": 10082615,
    "full_title": "DELUXE Pica",
    "title": "Pica",
    "category": "Food",
    "product_type": "RETAIL",
    "age_restriction": false,
    "is_used_product": false,
    "multipack": false,
    "online": false,
    "store": false,
    "quick_add_to_cart": false,
    "flash_sales": false,
    "having_videos": false,
    "having_threesixty": false,
    "price": 3.49,
    "old_price": 0.0,
    "currency_code": "EUR",
    "currency_symbol": "€",
    "has_star": true,
    "has_vat": false,
    "price_theme": "white_red",
    "variants_have_different_prices": false,
    "base_price_text": "1 kg = 8.66–8.12",
    "base_price_prefix": false,
    "packaging_text": "403–430 g",
    "discount_deleted_price": null,
    "discount_text": null,
    "discount_percentage": null,
    "discount_has_star": null,
    "show_discount": null,
    "show_percentage": null,
    "from_recommended_price": null,
    "availability_indicator": 0,
    "online_available": false,
    "min_orderable_quantity": 1,
    "orderable_quantities": [],
    "badge_texts": [
      "od 10.07. v trgovini"
    ],
    "badge_types": [
      "IN_STORE_FROM_DATE_FUTURE"
    ],
    "main_image": "https://imgproxy-retcat.assets.schwarz/KYgF1vqCmn_8RVyncu9MLEl8ux5fW_N7CiD1oiHthQs/sm:1/w:427/h:320/cz/M6Ly9wcm9kLWNhd/GFsb2ctbWVkaWEvc2kvMS9CRDAwREMxRDBEMDBEQjA1MERFMzU5MUF/DMzU1NzY0QkFBRDAyOTI2QTZENDExQzRFQTJBNEYzQUMwNEY0QjM4LmpwZw.jpg",
    "image_list": [
      "https://imgproxy-retcat.assets.schwarz/KYgF1vqCmn_8RVyncu9MLEl8ux5fW_N7CiD1oiHthQs/sm:1/w:427/h:320/cz/M6Ly9wcm9kLWNhd/GFsb2ctbWVkaWEvc2kvMS9CRDAwREMxRDBEMDBEQjA1MERFMzU5MUF/DMzU1NzY0QkFBRDAyOTI2QTZENDExQzRFQTJBNEYzQUMwNEY0QjM4LmpwZw.jpg",
      "https://imgproxy-retcat.assets.schwarz/zKAh8XPE64Disz7k3AQ_Gcz8hg5uFcFobSEIiVVXbwg/sm:1/w:427/h:320/cz/M6Ly9wcm9kLWNhd/GFsb2ctbWVkaWEvc2kvMS80QjU3RDZCOTk4RDVBODIyNEY0RkUzRTM/1MDk5MUYyOTZDOTAxOTdCOTFGQzIxQ0I1OUFGRUZENTU3RTZCOURDLmpwZw.jpg",
      "https://imgproxy-retcat.assets.schwarz/liHZ4RMsD-ae3etA-nOYnQYU8ElAMZPyt5I6OFNuTNM/sm:1/w:427/h:320/cz/M6Ly9wcm9kLWNhd/GFsb2ctbWVkaWEvc2kvMS84OTg2MUU3NEJFOUU4QjFFOTRGMzBGRTl/GRTFCNDlDRDcxMkRGODRGNzg1NTI0Nzc1MDIwNTM4NTQ1MjlFRTFELmpwZw.jpg"
    ],
    "image_accessibility": "Zamrznjeni picini Dr. Oetker: Margherita in Peperoni.",
    "detailed_images": [
      {
        "url": "https://imgproxy-retcat.assets.schwarz/KYgF1vqCmn_8RVyncu9MLEl8ux5fW_N7CiD1oiHthQs/sm:1/w:427/h:320/cz/M6Ly9wcm9kLWNhd/GFsb2ctbWVkaWEvc2kvMS9CRDAwREMxRDBEMDBEQjA1MERFMzU5MUF/DMzU1NzY0QkFBRDAyOTI2QTZENDExQzRFQTJBNEYzQUMwNEY0QjM4LmpwZw.jpg",
        "accessibility": "Zamrznjeni picini Dr. Oetker: Margherita in Peperoni."
      },
      {
        "url": "https://imgproxy-retcat.assets.schwarz/zKAh8XPE64Disz7k3AQ_Gcz8hg5uFcFobSEIiVVXbwg/sm:1/w:427/h:320/cz/M6Ly9wcm9kLWNhd/GFsb2ctbWVkaWEvc2kvMS80QjU3RDZCOTk4RDVBODIyNEY0RkUzRTM/1MDk5MUYyOTZDOTAxOTdCOTFGQzIxQ0I1OUFGRUZENTU3RTZCOURDLmpwZw.jpg",
        "accessibility": "Zamrznjena pizza Dr. Oetker s pršutom in kuhano šunko."
      },
      {
        "url": "https://imgproxy-retcat.assets.schwarz/liHZ4RMsD-ae3etA-nOYnQYU8ElAMZPyt5I6OFNuTNM/sm:1/w:427/h:320/cz/M6Ly9wcm9kLWNhd/GFsb2ctbWVkaWEvc2kvMS84OTg2MUU3NEJFOUU4QjFFOTRGMzBGRTl/GRTFCNDlDRDcxMkRGODRGNzg1NTI0Nzc1MDIwNTM4NTQ1MjlFRTFELmpwZw.jpg",
        "accessibility": "Zamrznjena pica Dr. Oetker s pikantno salamo, pečena v pečici na drva."
      }
    ],
    "analytics_category": "Food",
    "more_details": "Dodatne podrobnosti o izdelku",
    "won_category_primary": "Svetovi potreb/Hrana in bližnja hrana/Zamrznjena hrana (Zamrznjena hrana)",
    "won_category_primary_path": "0/17/1716",
    "canonical_path": "/p/deluxe-pica/p10082615",
    "canonical_url": "/p/deluxe-pica/p10082615",
    "awards": [],
    "seals": [
      {
        "altText": "Nalepka: NOVO!",
        "image": "https://imgproxy-retcat.assets.schwarz/gW7U9oAMEinoB9aSfR-kefCuzYAnn4a_JeAvwiBZ8jM/sm:1/w:140/cz/M6Ly9wcm9kLWNhd/GFsb2ctbWVkaWEvc2kvMi8xMzJDOEE4QTc5MEM1OUI0Q0UxNUQ5OUV/GRjE1MTJBOThEN0JEOEI5NEU0MzkzRkRGQjk3Q0NCOUE5MjIxODNCLnBuZw.png"
      },
      {
        "altText": "Znak: Zamrznjeno",
        "image": "https://imgproxy-retcat.assets.schwarz/ayWyw20LfIYJzOhoc4KvR8G0z3S3CSGFD0vHUIK3dgY/sm:1/w:140/cz/M6Ly9wcm9kLWNhd/GFsb2ctbWVkaWEvc2kvMi81NkZCNjYzMzA5NkRFMERFNzUzNEI1ODY/xRDQ4Q0MxRTkxQkUzNUMxOTBGNTAyMURGMjJGODEyQzk0ODhCNTYwLnBuZw.png"
      }
    ],
    "ribbons": [],
    "highlighted_seals": 0,
    "lidl_plus": [],
    "regions": [],
    "ians": [
      "211831"
    ],
    "show_brand": true,
    "deal_of_day_active": false,
    "full_title_meta": "DELUXE Pica",
    "lists": [
      4991
    ],
    "preview": false,
    "category_breadcrumbs": [
      {
        "id": "10068374",
        "name": "Hrana in pijača",
        "url": "/c/hrana-in-pijaca/s10068374",
        "hidden": false
      },
      {
        "id": "10071049",
        "name": "Zamrznjena hrana",
        "url": "/h/zamrznjena-hrana/h10071049",
        "hidden": false
      }
    ],
    "campaigns": [
      {
        "id": "Current_Sales_Week",
        "name": "Ta teden",
        "url": null,
        "hidden": false
      },
      {
        "id": "10075259",
        "name": "Deluxe - Gurmanski okus poletja",
        "url": "/c/deluxe-gurmanski-okus-poletja/a10075259",
        "hidden": false
      }
    ],
    "world_of_needs_code": "1716",
    "world_of_needs_name": "Zamrznjena hrana (Zamrznjena hrana)",
    "world_of_needs_parent": "17",
    "is_main_category": true,
    "super_categories": [
      {
        "code": "17",
        "name": "Hrana in bližnja hrana",
        "parent": "0"
      },
      {
        "code": "0",
        "name": "Svetovi potreb",
        "parent": ""
      }
    ],
    "position": 200,
    "tracking_payload": {
      "searchTrackingMasterId": "Product.10082615",
      "searchTrackingTitle": "Pica",
      "searchTrackingPageSize": 100,
      "searchTrackingPage": 2,
      "searchTrackingEvent": "click",
      "list": "search",
      "searchTrackingId": "Product.10082615",
      "searchTrackingOrigPos": 1,
      "searchTrackingPos": 200,
      "searchTrackingOrigPageSize": 100,
      "searchTrackingChannel": "SI",
      "category": "Food"
    }
  },
  {
    "code": "10082617",
    "name": "Pica z omako iz črnih tartufov in kuhanim pršutom",
    "url": "",
    "result_class": "product",
    "type": "product",
    "product_id": 10082617,
    "erp_number": "10082617",
    "item_id": 10082617,
    "full_title": "DELUXE Pica z omako iz črnih tartufov in kuhanim pršutom",
    "title": "Pica z omako iz  črnih tartufov in kuhanim pršutom",
    "category": "Food",
    "product_type": "RETAIL",
    "age_restriction": false,
    "is_used_product": false,
    "multipack": false,
    "online": false,
    "store": false,
    "quick_add_to_cart": false,
    "flash_sales": false,
    "having_videos": false,
    "having_threesixty": false,
    "price": 2.99,
    "old_price": 0.0,
    "currency_code": "EUR",
    "currency_symbol": "€",
    "has_star": true,
    "has_vat": false,
    "price_theme": "white_red",
    "variants_have_different_prices": false,
    "base_price_text": "1 kg = 7.67",
    "base_price_prefix": false,
    "packaging_text": "390 g",
    "discount_deleted_price": null,
    "discount_text": null,
    "discount_percentage": null,
    "discount_has_star": null,
    "show_discount": null,
    "show_percentage": null,
    "from_recommended_price": null,
    "availability_indicator": 0,
    "online_available": false,
    "min_orderable_quantity": 1,
    "orderable_quantities": [],
    "badge_texts": [
      "od 10.07. v trgovini"
    ],
    "badge_types": [
      "IN_STORE_FROM_DATE_FUTURE"
    ],
    "main_image": "https://imgproxy-retcat.assets.schwarz/sszrXVf0ZEhSTcHknu1v5CK50Gw4aevM8BX8huyk0HM/sm:1/w:427/h:320/cz/M6Ly9wcm9kLWNhd/GFsb2ctbWVkaWEvc2kvMS9GNDYzRjcyQjA1MEIxQkREOEVFRDJGQzJ/BRTlFRDM2Njk0MTZEQjgxNEMwMzNENEJDNUFDNEQxMkJGRTBDQUJBLmpwZw.jpg",
    "image_list": [
      "https://imgproxy-retcat.assets.schwarz/sszrXVf0ZEhSTcHknu1v5CK50Gw4aevM8BX8huyk0HM/sm:1/w:427/h:320/cz/M6Ly9wcm9kLWNhd/GFsb2ctbWVkaWEvc2kvMS9GNDYzRjcyQjA1MEIxQkREOEVFRDJGQzJ/BRTlFRDM2Njk0MTZEQjgxNEMwMzNENEJDNUFDNEQxMkJGRTBDQUJBLmpwZw.jpg"
    ],
    "image_accessibility": "Zamrznjena pizza Dr. Oetker Pizza Bianca s pršutom, tartufi in česnom.",
    "detailed_images": [
      {
        "url": "https://imgproxy-retcat.assets.schwarz/sszrXVf0ZEhSTcHknu1v5CK50Gw4aevM8BX8huyk0HM/sm:1/w:427/h:320/cz/M6Ly9wcm9kLWNhd/GFsb2ctbWVkaWEvc2kvMS9GNDYzRjcyQjA1MEIxQkREOEVFRDJGQzJ/BRTlFRDM2Njk0MTZEQjgxNEMwMzNENEJDNUFDNEQxMkJGRTBDQUJBLmpwZw.jpg",
        "accessibility": "Zamrznjena pizza Dr. Oetker Pizza Bianca s pršutom, tartufi in česnom."
      }
    ],
    "analytics_category": "Food",
    "more_details": "Dodatne podrobnosti o izdelku",
    "won_category_primary": "Svetovi potreb/Hrana in bližnja hrana/Zamrznjena hrana (Zamrznjena hrana)",
    "won_category_primary_path": "0/17/1716",
    "canonical_path": "/p/deluxe-pica-z-omako-iz-crnih-tartufov-in-kuhanim-prsutom/p10082617",
    "canonical_url": "/p/deluxe-pica-z-omako-iz-crnih-tartufov-in-kuhanim-prsutom/p10082617",
    "awards": [],
    "seals": [
      {
        "altText": "Znak: Zamrznjeno",
        "image": "https://imgproxy-retcat.assets.schwarz/ayWyw20LfIYJzOhoc4KvR8G0z3S3CSGFD0vHUIK3dgY/sm:1/w:140/cz/M6Ly9wcm9kLWNhd/GFsb2ctbWVkaWEvc2kvMi81NkZCNjYzMzA5NkRFMERFNzUzNEI1ODY/xRDQ4Q0MxRTkxQkUzNUMxOTBGNTAyMURGMjJGODEyQzk0ODhCNTYwLnBuZw.png"
      }
    ],
    "ribbons": [],
    "highlighted_seals": 0,
    "lidl_plus": [],
    "regions": [],
    "ians": [
      "193145"
    ],
    "show_brand": true,
    "deal_of_day_active": false,
    "full_title_meta": "DELUXE Pica z omako iz črnih tartufov in kuhanim pršutom",
    "lists": [
      4991
    ],
    "preview": false,
    "category_breadcrumbs": [
      {
        "id": "10068374",
        "name": "Hrana in pijača",
        "url": "/c/hrana-in-pijaca/s10068374",
        "hidden": false
      },
      {
        "id": "10071049",
        "name": "Zamrznjena hrana",
        "url": "/h/zamrznjena-hrana/h10071049",
        "hidden": false
      }
    ],
    "campaigns": [
      {
        "id": "Current_Sales_Week",
        "name": "Ta teden",
        "url": null,
        "hidden": false
      },
      {
        "id": "10075259",
        "name": "Deluxe - Gurmanski okus poletja",
        "url": "/c/deluxe-gurmanski-okus-poletja/a10075259",
        "hidden": false
      }
    ],
    "world_of_needs_code": "1716",
    "world_of_needs_name": "Zamrznjena hrana (Zamrznjena hrana)",
    "world_of_needs_parent": "17",
    "is_main_category": true,
    "super_categories": [
      {
        "code": "17",
        "name": "Hrana in bližnja hrana",
        "parent": "0"
      },
      {
        "code": "0",
        "name": "Svetovi potreb",
        "parent": ""
      }
    ],
    "position": 201,
    "tracking_payload": {
      "searchTrackingMasterId": "Product.10082617",
      "searchTrackingTitle": "Pica+z+omako+iz+%C4%8Drnih+tartufov+in+kuhanim+pr%C5%A1utom",
      "searchTrackingPageSize": 100,
      "searchTrackingPage": 3,
      "searchTrackingEvent": "click",
      "list": "search",
      "searchTrackingId": "Product.10082617",
      "searchTrackingOrigPos": 1,
      "searchTrackingPos": 201,
      "searchTrackingOrigPageSize": 100,
      "searchTrackingChannel": "SI",
      "category": "Food"
    }
  },
  {
    "code": "10082619",
    "name": "Balzamični kis iz Modene",
    "url": "",
    "result_class": "product",
    "type": "product",
    "product_id": 10082619,
    "erp_number": "10082619",
    "item_id": 10082619,
    "full_title": "DELUXE Balzamični kis iz Modene",
    "title": "Balzamični kis iz Modene",
    "category": "Food",
    "product_type": "RETAIL",
    "age_restriction": false,
    "is_used_product": false,
    "multipack": false,
    "online": false,
    "store": false,
    "quick_add_to_cart": false,
    "flash_sales": false,
    "having_videos": false,
    "having_threesixty": false,
    "price": 3.39,
    "old_price": 0.0,
    "currency_code": "EUR",
    "currency_symbol": "€",
    "has_star": true,
    "has_vat": false,
    "price_theme": "white_red",
    "variants_have_different_prices": false,
    "base_price_text": "1 l = 13.56",
    "base_price_prefix": false,
    "packaging_text": "250 ml",
    "discount_deleted_price": null,
    "discount_text": null,
    "discount_percentage": null,
    "discount_has_star": null,
    "show_discount": null,
    "show_percentage": null,
    "from_recommended_price": null,
    "availability_indicator": 0,
    "online_available": false,
    "min_orderable_quantity": 1,
    "orderable_quantities": [],
    "badge_texts": [
      "od 10.07. v trgovini"
    ],
    "badge_types": [
      "IN_STORE_FROM_DATE_FUTURE"
    ],
    "main_image": "https://imgproxy-retcat.assets.schwarz/HerrGxgy27eOqe0bsNcA3YNpndvGjwXHiF4SatOrnqU/sm:1/w:427/h:320/cz/M6Ly9wcm9kLWNhd/GFsb2ctbWVkaWEvc2kvMS85QUZFQjVBMjlGQTM3MjQ4ODM3QzBFMTR/GN0E1QzMzNDA0QjhGREYyODBBRjlGNDBBOEJBQkRFN0VCRTRCMjI0LmpwZw.jpg",
    "image_list": [
      "https://imgproxy-retcat.assets.schwarz/HerrGxgy27eOqe0bsNcA3YNpndvGjwXHiF4SatOrnqU/sm:1/w:427/h:320/cz/M6Ly9wcm9kLWNhd/GFsb2ctbWVkaWEvc2kvMS85QUZFQjVBMjlGQTM3MjQ4ODM3QzBFMTR/GN0E1QzMzNDA0QjhGREYyODBBRjlGNDBBOEJBQkRFN0VCRTRCMjI0LmpwZw.jpg"
    ],
    "image_accessibility": "Steklenica Ajetovega balzamičnega kisa z jagodami.",
    "detailed_images": [
      {
        "url": "https://imgproxy-retcat.assets.schwarz/HerrGxgy27eOqe0bsNcA3YNpndvGjwXHiF4SatOrnqU/sm:1/w:427/h:320/cz/M6Ly9wcm9kLWNhd/GFsb2ctbWVkaWEvc2kvMS85QUZFQjVBMjlGQTM3MjQ4ODM3QzBFMTR/GN0E1QzMzNDA0QjhGREYyODBBRjlGNDBBOEJBQkRFN0VCRTRCMjI0LmpwZw.jpg",
        "accessibility": "Steklenica Ajetovega balzamičnega kisa z jagodami."
      }
    ],
    "analytics_category": "Food",
    "more_details": "Dodatne podrobnosti o izdelku",
    "won_category_primary": "Svetovi potreb/Hrana in bližnja hrana/Maščobe, olja, kis in konzerve",
    "won_category_primary_path": "0/17/1735",
    "canonical_path": "/p/deluxe-balzamicni-kis-iz-modene/p10082619",
    "canonical_url": "/p/deluxe-balzamicni-kis-iz-modene/p10082619",
    "awards": [],
    "seals": [
      {
        "altText": "Zaščitena geografska označba.",
        "image": "https://imgproxy-retcat.assets.schwarz/iqWdzqe1AnDrrddJxIljNW9dfEUwlB16PhpW5kt6szw/sm:1/w:140/cz/M6Ly9wcm9kLWNhd/GFsb2ctbWVkaWEvc2kvMi9GQzlENTczN0ZGRDc3RUUzNjE1QzY5QTc/0Q0NDQUU2NTdBMjk2NEIzRjc4MzY1RThCQjk5NjFDNDcwNzlGRjdELnBuZw.png"
      }
    ],
    "ribbons": [],
    "highlighted_seals": 0,
    "lidl_plus": [],
    "regions": [],
    "ians": [
      "99168"
    ],
    "show_brand": true,
    "deal_of_day_active": false,
    "full_title_meta": "DELUXE Balzamični kis iz Modene",
    "lists": [
      4991
    ],
    "preview": false,
    "category_breadcrumbs": [
      {
        "id": "10068374",
        "name": "Hrana in pijača",
        "url": "/c/hrana-in-pijaca/s10068374",
        "hidden": false
      },
      {
        "id": "10071681",
        "name": "Maščobe, olja, kis in konzerve",
        "url": "/h/mascobe-olja-kis-in-konzerve/h10071681",
        "hidden": false
      }
    ],
    "campaigns": [
      {
        "id": "Current_Sales_Week",
        "name": "Ta teden",
        "url": null,
        "hidden": false
      },
      {
        "id": "10075259",
        "name": "Deluxe - Gurmanski okus poletja",
        "url": "/c/deluxe-gurmanski-okus-poletja/a10075259",
        "hidden": false
      }
    ],
    "world_of_needs_code": "1735",
    "world_of_needs_name": "Maščobe, olja, kis in konzerve",
    "world_of_needs_parent": "17",
    "is_main_category": true,
    "super_categories": [
      {
        "code": "17",
        "name": "Hrana in bližnja hrana",
        "parent": "0"
      },
      {
        "code": "0",
        "name": "Svetovi potreb",
        "parent": ""
      }
    ],
    "position": 202,
    "tracking_payload": {
      "searchTrackingMasterId": "Product.10082619",
      "searchTrackingTitle": "Balzami%C4%8Dni+kis+iz+Modene",
      "searchTrackingPageSize": 100,
      "searchTrackingPage": 3,
      "searchTrackingEvent": "click",
      "list": "search",
      "searchTrackingId": "Product.10082619",
      "searchTrackingOrigPos": 1,
      "searchTrackingPos": 202,
      "searchTrackingOrigPageSize": 100,
      "searchTrackingChannel": "SI",
      "category": "Food"
    }
  },
  {
    "code": "10082621",
    "name": "Sveže polnjene testenine „Cappelletti“",
    "url": "",
    "result_class": "product",
    "type": "product",
    "product_id": 10082621,
    "erp_number": "10082621",
    "item_id": 10082621,
    "full_title": "DELUXE Sveže polnjene testenine „Cappelletti“",
    "title": "Sveže polnjene testenine „Cappelletti“",
    "category": "Food",
    "product_type": "RETAIL",
    "age_restriction": false,
    "is_used_product": false,
    "multipack": false,
    "online": false,
    "store": false,
    "quick_add_to_cart": false,
    "flash_sales": false,
    "having_videos": false,
    "having_threesixty": false,
    "price": 1.79,
    "old_price": 0.0,
    "currency_code": "EUR",
    "currency_symbol": "€",
    "has_star": true,
    "has_vat": false,
    "price_theme": "white_red",
    "variants_have_different_prices": false,
    "base_price_text": "1 kg = 7.16",
    "base_price_prefix": false,
    "packaging_text": "250 g",
    "discount_deleted_price": null,
    "discount_text": "ZGRABITE PRILOŽNOST!",
    "discount_percentage": null,
    "discount_has_star": false,
    "show_discount": false,
    "show_percentage": false,
    "from_recommended_price": false,
    "availability_indicator": 0,
    "online_available": false,
    "min_orderable_quantity": 1,
    "orderable_quantities": [],
    "badge_texts": [
      "od 10.07. v trgovini"
    ],
    "badge_types": [
      "IN_STORE_FROM_DATE_FUTURE"
    ],
    "main_image": "https://imgproxy-retcat.assets.schwarz/nN9bxjAXk9ufXcqMs3-7Im3abBV7tSW9GDnnyQABMVI/sm:1/w:427/h:320/cz/M6Ly9wcm9kLWNhd/GFsb2ctbWVkaWEvc2kvMS9BNTQ4NDM5NzE5NkEyQUVFRUEwREI4NTg/5MDA1RTMxQUJDNEIwMjUzMjlDNDFENEM3MTZGMDFBQzBBRUM1NDkyLmpwZw.jpg",
    "image_list": [
      "https://imgproxy-retcat.assets.schwarz/nN9bxjAXk9ufXcqMs3-7Im3abBV7tSW9GDnnyQABMVI/sm:1/w:427/h:320/cz/M6Ly9wcm9kLWNhd/GFsb2ctbWVkaWEvc2kvMS9BNTQ4NDM5NzE5NkEyQUVFRUEwREI4NTg/5MDA1RTMxQUJDNEIwMjUzMjlDNDFENEM3MTZGMDFBQzBBRUM1NDkyLmpwZw.jpg",
      "https://imgproxy-retcat.assets.schwarz/OMhrE8il0sNB9kwU6uiLxsdBDopvOVjR2r5HaspZoWU/sm:1/w:427/h:320/cz/M6Ly9wcm9kLWNhd/GFsb2ctbWVkaWEvc2kvMS85NUUyNDAwMkZBRjc2QUNENjQwNzgzNjZ/BMzg2M0M5MkU1MDI2ODVBNzAyMTY3NjVFQ0YxQUIxMjkzQUY3QjNGLmpwZw.jpg",
      "https://imgproxy-retcat.assets.schwarz/A_Y1hywzZ0TL7UxFlKyPJsN5SdZtd3EfB1eG-oRnbqg/sm:1/w:427/h:320/cz/M6Ly9wcm9kLWNhd/GFsb2ctbWVkaWEvc2kvMS85MTg3MEM1QjE1QjJBQjA5NjkxNTc1MjY/3QjlFNUQ4MDdCNkU2RTg3Qzg2MkRDMzQzNzlFOEE2Q0IxRkMxQzE2LmpwZw.jpg"
    ],
    "image_accessibility": "Dve embalaži zamrznjenih kapeljcev Dolca: s sirom in maslom ter z morskimi sadeži.",
    "detailed_images": [
      {
        "url": "https://imgproxy-retcat.assets.schwarz/nN9bxjAXk9ufXcqMs3-7Im3abBV7tSW9GDnnyQABMVI/sm:1/w:427/h:320/cz/M6Ly9wcm9kLWNhd/GFsb2ctbWVkaWEvc2kvMS9BNTQ4NDM5NzE5NkEyQUVFRUEwREI4NTg/5MDA1RTMxQUJDNEIwMjUzMjlDNDFENEM3MTZGMDFBQzBBRUM1NDkyLmpwZw.jpg",
        "accessibility": "Dve embalaži zamrznjenih kapeljcev Dolca: s sirom in maslom ter z morskimi sadeži."
      },
      {
        "url": "https://imgproxy-retcat.assets.schwarz/OMhrE8il0sNB9kwU6uiLxsdBDopvOVjR2r5HaspZoWU/sm:1/w:427/h:320/cz/M6Ly9wcm9kLWNhd/GFsb2ctbWVkaWEvc2kvMS85NUUyNDAwMkZBRjc2QUNENjQwNzgzNjZ/BMzg2M0M5MkU1MDI2ODVBNzAyMTY3NjVFQ0YxQUIxMjkzQUY3QjNGLmpwZw.jpg",
        "accessibility": "Pakiranje Delov cappelletti z mesom in sirom."
      },
      {
        "url": "https://imgproxy-retcat.assets.schwarz/A_Y1hywzZ0TL7UxFlKyPJsN5SdZtd3EfB1eG-oRnbqg/sm:1/w:427/h:320/cz/M6Ly9wcm9kLWNhd/GFsb2ctbWVkaWEvc2kvMS85MTg3MEM1QjE1QjJBQjA5NjkxNTc1MjY/3QjlFNUQ4MDdCNkU2RTg3Qzg2MkRDMzQzNzlFOEE2Q0IxRkMxQzE2LmpwZw.jpg",
        "accessibility": "Pakiranje Delov cappelletti z maslom in limono."
      }
    ],
    "analytics_category": "Food",
    "more_details": "Dodatne podrobnosti o izdelku",
    "won_category_primary": "Svetovi potreb/Hrana in bližnja hrana/Jajca in osnovna živila (testenine, moka, stročnice itd.)",
    "won_category_primary_path": "0/17/1715",
    "canonical_path": "/p/deluxe-sveze-polnjene-testenine-cappelletti/p10082621",
    "canonical_url": "/p/deluxe-sveze-polnjene-testenine-cappelletti/p10082621",
    "awards": [],
    "seals": [
      {
        "altText": "Nalepka: NOVO!",
        "image": "https://imgproxy-retcat.assets.schwarz/gW7U9oAMEinoB9aSfR-kefCuzYAnn4a_JeAvwiBZ8jM/sm:1/w:140/cz/M6Ly9wcm9kLWNhd/GFsb2ctbWVkaWEvc2kvMi8xMzJDOEE4QTc5MEM1OUI0Q0UxNUQ5OUV/GRjE1MTJBOThEN0JEOEI5NEU0MzkzRkRGQjk3Q0NCOUE5MjIxODNCLnBuZw.png"
      },
      {
        "altText": "Nalepka: Hlajeno",
        "image": "https://imgproxy-retcat.assets.schwarz/7x3Iby7aD19hFySDnP2YoXt7E1r0JrvJVj0QO1gUOes/sm:1/w:140/cz/M6Ly9wcm9kLWNhd/GFsb2ctbWVkaWEvc2kvMi8xMzFBN0E2RDlCREZGREQxOEE2OTFDNEZ/FNDE5RTM0QUMxQjY4OEQ0OUY2QTAxMTRDRjQ1RjdCNTNDRjM2NUJBLnBuZw.png"
      }
    ],
    "ribbons": [],
    "highlighted_seals": 0,
    "lidl_plus": [],
    "regions": [],
    "ians": [
      "87019"
    ],
    "show_brand": true,
    "deal_of_day_active": false,
    "full_title_meta": "DELUXE Sveže polnjene testenine „Cappelletti“",
    "lists": [
      4991
    ],
    "preview": false,
    "category_breadcrumbs": [
      {
        "id": "10068374",
        "name": "Hrana in pijača",
        "url": "/c/hrana-in-pijaca/s10068374",
        "hidden": false
      },
      {
        "id": "10071045",
        "name": "Jajca in osnovna živila",
        "url": "/h/jajca-in-osnovna-zivila/h10071045",
        "hidden": false
      }
    ],
    "campaigns": [
      {
        "id": "Current_Sales_Week",
        "name": "Ta teden",
        "url": null,
        "hidden": false
      },
      {
        "id": "10075259",
        "name": "Deluxe - Gurmanski okus poletja",
        "url": "/c/deluxe-gurmanski-okus-poletja/a10075259",
        "hidden": false
      }
    ],
    "world_of_needs_code": "1715",
    "world_of_needs_name": "Jajca in osnovna živila (testenine, moka, stročnice itd.)",
    "world_of_needs_parent": "17",
    "is_main_category": true,
    "super_categories": [
      {
        "code": "17",
        "name": "Hrana in bližnja hrana",
        "parent": "0"
      },
      {
        "code": "0",
        "name": "Svetovi potreb",
        "parent": ""
      }
    ],
    "position": 203,
    "tracking_payload": {
      "searchTrackingMasterId": "Product.10082621",
      "searchTrackingTitle": "Sve%C5%BEe+polnjene+testenine+%E2%80%9ECappelletti%E2%80%9C",
      "searchTrackingPageSize": 100,
      "searchTrackingPage": 3,
      "searchTrackingEvent": "click",
      "list": "search",
      "searchTrackingId": "Product.10082621",
      "searchTrackingOrigPos": 1,
      "searchTrackingPos": 203,
      "searchTrackingOrigPageSize": 100,
      "searchTrackingChannel": "SI",
      "category": "Food"
    }
  },
  {
    "code": "10082623",
    "name": "Kuhane rdeče kozice",
    "url": "",
    "result_class": "product",
    "type": "product",
    "product_id": 10082623,
    "erp_number": "10082623",
    "item_id": 10082623,
    "full_title": "DELUXE Kuhane rdeče kozice",
    "title": "Kuhane rdeče kozice",
    "category": "Food",
    "product_type": "RETAIL",
    "age_restriction": false,
    "is_used_product": false,
    "multipack": false,
    "online": false,
    "store": false,
    "quick_add_to_cart": false,
    "flash_sales": false,
    "having_videos": false,
    "having_threesixty": false,
    "price": 6.99,
    "old_price": 0.0,
    "currency_code": "EUR",
    "currency_symbol": "€",
    "has_star": true,
    "has_vat": false,
    "price_theme": "white_red",
    "variants_have_different_prices": false,
    "base_price_text": "1 kg = 17.48",
    "base_price_prefix": false,
    "packaging_text": "400 g",
    "discount_deleted_price": null,
    "discount_text": null,
    "discount_percentage": null,
    "discount_has_star": null,
    "show_discount": null,
    "show_percentage": null,
    "from_recommended_price": null,
    "availability_indicator": 0,
    "online_available": false,
    "min_orderable_quantity": 1,
    "orderable_quantities": [],
    "badge_texts": [
      "od 10.07. v trgovini"
    ],
    "badge_types": [
      "IN_STORE_FROM_DATE_FUTURE"
    ],
    "main_image": "https://imgproxy-retcat.assets.schwarz/lFly0s6eT-vAOMUnt0FsZjCkaUyT94dHdzf_pEr8TLM/sm:1/w:427/h:320/cz/M6Ly9wcm9kLWNhd/GFsb2ctbWVkaWEvc2kvMS8xOTY1MDc1OTI1NDhFQzJFNUQ1QzdBQ0U/wOEJBRDBBODIyODU3RDREQTEwMTMzMTcyRTYxOUYyM0JCRTIyNTgzLmpwZw.jpg",
    "image_list": [
      "https://imgproxy-retcat.assets.schwarz/lFly0s6eT-vAOMUnt0FsZjCkaUyT94dHdzf_pEr8TLM/sm:1/w:427/h:320/cz/M6Ly9wcm9kLWNhd/GFsb2ctbWVkaWEvc2kvMS8xOTY1MDc1OTI1NDhFQzJFNUQ1QzdBQ0U/wOEJBRDBBODIyODU3RDREQTEwMTMzMTcyRTYxOUYyM0JCRTIyNTgzLmpwZw.jpg"
    ],
    "image_accessibility": "Argentina škampi v lesenem zabojčku.",
    "detailed_images": [
      {
        "url": "https://imgproxy-retcat.assets.schwarz/lFly0s6eT-vAOMUnt0FsZjCkaUyT94dHdzf_pEr8TLM/sm:1/w:427/h:320/cz/M6Ly9wcm9kLWNhd/GFsb2ctbWVkaWEvc2kvMS8xOTY1MDc1OTI1NDhFQzJFNUQ1QzdBQ0U/wOEJBRDBBODIyODU3RDREQTEwMTMzMTcyRTYxOUYyM0JCRTIyNTgzLmpwZw.jpg",
        "accessibility": "Argentina škampi v lesenem zabojčku."
      }
    ],
    "analytics_category": "Food",
    "more_details": "Dodatne podrobnosti o izdelku",
    "won_category_primary": "Svetovi potreb/Hrana in bližnja hrana/Ribe in morski sadeži",
    "won_category_primary_path": "0/17/1733",
    "canonical_path": "/p/deluxe-kuhane-rdece-kozice/p10082623",
    "canonical_url": "/p/deluxe-kuhane-rdece-kozice/p10082623",
    "awards": [],
    "seals": [
      {
        "altText": "Znak: Zamrznjeno",
        "image": "https://imgproxy-retcat.assets.schwarz/ayWyw20LfIYJzOhoc4KvR8G0z3S3CSGFD0vHUIK3dgY/sm:1/w:140/cz/M6Ly9wcm9kLWNhd/GFsb2ctbWVkaWEvc2kvMi81NkZCNjYzMzA5NkRFMERFNzUzNEI1ODY/xRDQ4Q0MxRTkxQkUzNUMxOTBGNTAyMURGMjJGODEyQzk0ODhCNTYwLnBuZw.png"
      }
    ],
    "ribbons": [],
    "highlighted_seals": 0,
    "lidl_plus": [],
    "regions": [],
    "ians": [
      "148113"
    ],
    "show_brand": true,
    "deal_of_day_active": false,
    "full_title_meta": "DELUXE Kuhane rdeče kozice",
    "lists": [
      4991
    ],
    "preview": false,
    "category_breadcrumbs": [
      {
        "id": "10068374",
        "name": "Hrana in pijača",
        "url": "/c/hrana-in-pijaca/s10068374",
        "hidden": false
      },
      {
        "id": "10071050",
        "name": "Ribe in morski sadeži",
        "url": "/h/ribe-in-morski-sadezi/h10071050",
        "hidden": false
      }
    ],
    "campaigns": [
      {
        "id": "Current_Sales_Week",
        "name": "Ta teden",
        "url": null,
        "hidden": false
      },
      {
        "id": "10075259",
        "name": "Deluxe - Gurmanski okus poletja",
        "url": "/c/deluxe-gurmanski-okus-poletja/a10075259",
        "hidden": false
      }
    ],
    "world_of_needs_code": "1733",
    "world_of_needs_name": "Ribe in morski sadeži",
    "world_of_needs_parent": "17",
    "is_main_category": true,
    "super_categories": [
      {
        "code": "17",
        "name": "Hrana in bližnja hrana",
        "parent": "0"
      },
      {
        "code": "0",
        "name": "Svetovi potreb",
        "parent": ""
      }
    ],
    "position": 204,
    "tracking_payload": {
      "searchTrackingMasterId": "Product.10082623",
      "searchTrackingTitle": "Kuhane+rde%C4%8De+kozice",
      "searchTrackingPageSize": 100,
      "searchTrackingPage": 3,
      "searchTrackingEvent": "click",
      "list": "search",
      "searchTrackingId": "Product.10082623",
      "searchTrackingOrigPos": 1,
      "searchTrackingPos": 204,
      "searchTrackingOrigPageSize": 100,
      "searchTrackingChannel": "SI",
      "category": "Food"
    }
  },
  {
    "code": "10082625",
    "name": "Atlantske pokrovače",
    "url": "",
    "result_class": "product",
    "type": "product",
    "product_id": 10082625,
    "erp_number": "10082625",
    "item_id": 10082625,
    "full_title": "DELUXE Atlantske pokrovače",
    "title": "Atlantske pokrovače",
    "category": "Food",
    "product_type": "RETAIL",
    "age_restriction": false,
    "is_used_product": false,
    "multipack": false,
    "online": false,
    "store": false,
    "quick_add_to_cart": false,
    "flash_sales": false,
    "having_videos": false,
    "having_threesixty": false,
    "price": 9.49,
    "old_price": 0.0,
    "currency_code": "EUR",
    "currency_symbol": "€",
    "has_star": true,
    "has_vat": false,
    "price_theme": "white_red",
    "variants_have_different_prices": false,
    "base_price_text": "1 kg = 47.45",
    "base_price_prefix": false,
    "packaging_text": "200 g",
    "discount_deleted_price": null,
    "discount_text": null,
    "discount_percentage": null,
    "discount_has_star": null,
    "show_discount": null,
    "show_percentage": null,
    "from_recommended_price": null,
    "availability_indicator": 0,
    "online_available": false,
    "min_orderable_quantity": 1,
    "orderable_quantities": [],
    "badge_texts": [
      "od 10.07. v trgovini"
    ],
    "badge_types": [
      "IN_STORE_FROM_DATE_FUTURE"
    ],
    "main_image": "https://imgproxy-retcat.assets.schwarz/AyuSFrM235Hy-RU42MAAKj9XS4lU6wOY03qLHr73sZk/sm:1/w:427/h:320/cz/M6Ly9wcm9kLWNhd/GFsb2ctbWVkaWEvc2kvMS8zMEZGRTgzQkUyMDQ1Mjg3Mjg1MzVCRkZ/FRDg0QkI5QTU4RTJEMzRFMEY2QTZGN0EzRkE2RTczREUzNEVBNEQwLmpwZw.jpg",
    "image_list": [
      "https://imgproxy-retcat.assets.schwarz/AyuSFrM235Hy-RU42MAAKj9XS4lU6wOY03qLHr73sZk/sm:1/w:427/h:320/cz/M6Ly9wcm9kLWNhd/GFsb2ctbWVkaWEvc2kvMS8zMEZGRTgzQkUyMDQ1Mjg3Mjg1MzVCRkZ/FRDg0QkI5QTU4RTJEMzRFMEY2QTZGN0EzRkE2RTczREUzNEVBNEQwLmpwZw.jpg"
    ],
    "image_accessibility": "Zamrznjeni atlantski Jakobovi pokrovači Delave.",
    "detailed_images": [
      {
        "url": "https://imgproxy-retcat.assets.schwarz/AyuSFrM235Hy-RU42MAAKj9XS4lU6wOY03qLHr73sZk/sm:1/w:427/h:320/cz/M6Ly9wcm9kLWNhd/GFsb2ctbWVkaWEvc2kvMS8zMEZGRTgzQkUyMDQ1Mjg3Mjg1MzVCRkZ/FRDg0QkI5QTU4RTJEMzRFMEY2QTZGN0EzRkE2RTczREUzNEVBNEQwLmpwZw.jpg",
        "accessibility": "Zamrznjeni atlantski Jakobovi pokrovači Delave."
      }
    ],
    "analytics_category": "Food",
    "more_details": "Dodatne podrobnosti o izdelku",
    "won_category_primary": "Svetovi potreb/Hrana in bližnja hrana/Ribe in morski sadeži",
    "won_category_primary_path": "0/17/1733",
    "canonical_path": "/p/deluxe-atlantske-pokrovace/p10082625",
    "canonical_url": "/p/deluxe-atlantske-pokrovace/p10082625",
    "awards": [],
    "seals": [
      {
        "altText": "Znak: Zamrznjeno",
        "image": "https://imgproxy-retcat.assets.schwarz/ayWyw20LfIYJzOhoc4KvR8G0z3S3CSGFD0vHUIK3dgY/sm:1/w:140/cz/M6Ly9wcm9kLWNhd/GFsb2ctbWVkaWEvc2kvMi81NkZCNjYzMzA5NkRFMERFNzUzNEI1ODY/xRDQ4Q0MxRTkxQkUzNUMxOTBGNTAyMURGMjJGODEyQzk0ODhCNTYwLnBuZw.png"
      }
    ],
    "ribbons": [],
    "highlighted_seals": 0,
    "lidl_plus": [],
    "regions": [],
    "ians": [
      "171075"
    ],
    "show_brand": true,
    "deal_of_day_active": false,
    "full_title_meta": "DELUXE Atlantske pokrovače",
    "lists": [
      4991
    ],
    "preview": false,
    "category_breadcrumbs": [
      {
        "id": "10068374",
        "name": "Hrana in pijača",
        "url": "/c/hrana-in-pijaca/s10068374",
        "hidden": false
      },
      {
        "id": "10071050",
        "name": "Ribe in morski sadeži",
        "url": "/h/ribe-in-morski-sadezi/h10071050",
        "hidden": false
      }
    ],
    "campaigns": [
      {
        "id": "Current_Sales_Week",
        "name": "Ta teden",
        "url": null,
        "hidden": false
      },
      {
        "id": "10075259",
        "name": "Deluxe - Gurmanski okus poletja",
        "url": "/c/deluxe-gurmanski-okus-poletja/a10075259",
        "hidden": false
      }
    ],
    "world_of_needs_code": "1733",
    "world_of_needs_name": "Ribe in morski sadeži",
    "world_of_needs_parent": "17",
    "is_main_category": true,
    "super_categories": [
      {
        "code": "17",
        "name": "Hrana in bližnja hrana",
        "parent": "0"
      },
      {
        "code": "0",
        "name": "Svetovi potreb",
        "parent": ""
      }
    ],
    "position": 205,
    "tracking_payload": {
      "searchTrackingMasterId": "Product.10082625",
      "searchTrackingTitle": "Atlantske+pokrova%C4%8De",
      "searchTrackingPageSize": 100,
      "searchTrackingPage": 3,
      "searchTrackingEvent": "click",
      "list": "search",
      "searchTrackingId": "Product.10082625",
      "searchTrackingOrigPos": 1,
      "searchTrackingPos": 205,
      "searchTrackingOrigPageSize": 100,
      "searchTrackingChannel": "SI",
      "category": "Food"
    }
  },
  {
    "code": "10082627",
    "name": "Klobasa „Chorizo“ za žar",
    "url": "",
    "result_class": "product",
    "type": "product",
    "product_id": 10082627,
    "erp_number": "10082627",
    "item_id": 10082627,
    "full_title": "DELUXE Klobasa „Chorizo“ za žar",
    "title": "Klobasa „Chorizo“ za žar",
    "category": "Food",
    "product_type": "RETAIL",
    "age_restriction": false,
    "is_used_product": false,
    "multipack": false,
    "online": false,
    "store": false,
    "quick_add_to_cart": false,
    "flash_sales": false,
    "having_videos": false,
    "having_threesixty": false,
    "price": 2.79,
    "old_price": 0.0,
    "currency_code": "EUR",
    "currency_symbol": "€",
    "has_star": true,
    "has_vat": false,
    "price_theme": "white_red",
    "variants_have_different_prices": false,
    "base_price_text": "1 kg = 12.68",
    "base_price_prefix": false,
    "packaging_text": "220 g",
    "discount_deleted_price": null,
    "discount_text": "ZGRABITE PRILOŽNOST!",
    "discount_percentage": null,
    "discount_has_star": false,
    "show_discount": false,
    "show_percentage": false,
    "from_recommended_price": false,
    "availability_indicator": 0,
    "online_available": false,
    "min_orderable_quantity": 1,
    "orderable_quantities": [],
    "badge_texts": [
      "od 10.07. v trgovini"
    ],
    "badge_types": [
      "IN_STORE_FROM_DATE_FUTURE"
    ],
    "main_image": "https://imgproxy-retcat.assets.schwarz/vOsG4CfySiLrQ675B3LX59WTdbEuMIUljCIY98zZqRc/sm:1/w:427/h:320/cz/M6Ly9wcm9kLWNhd/GFsb2ctbWVkaWEvc2kvMS9DNEM0M0U1NTI5ODE5NEYxNTdENjc0RUQ/4QkZDRjg5NUUyNEZEQTNGQURENkM5NTQ5NUE3RTE4QkUxRkNEQkQ5LmpwZw.jpg",
    "image_list": [
      "https://imgproxy-retcat.assets.schwarz/vOsG4CfySiLrQ675B3LX59WTdbEuMIUljCIY98zZqRc/sm:1/w:427/h:320/cz/M6Ly9wcm9kLWNhd/GFsb2ctbWVkaWEvc2kvMS9DNEM0M0U1NTI5ODE5NEYxNTdENjc0RUQ/4QkZDRjg5NUUyNEZEQTNGQURENkM5NTQ5NUE3RTE4QkUxRkNEQkQ5LmpwZw.jpg",
      "https://imgproxy-retcat.assets.schwarz/sRrZafGRlCEVeMRv_GwUQx1oQxNd5Ne60hhAxrfx8lg/sm:1/w:427/h:320/cz/M6Ly9wcm9kLWNhd/GFsb2ctbWVkaWEvc2kvMS82QzRBQkIxNzMxNkY3MzMxQUZERTk0REY/3NzlEQUFEOTY2RTM5RTZERTk0NkM2NzNCODhFNDA4MzU2MjNDNjdFLmpwZw.jpg",
      "https://imgproxy-retcat.assets.schwarz/dxANps0TrutSq-avE-j7hlzkXdVEQj-iiZjhD8RFlUY/sm:1/w:427/h:320/cz/M6Ly9wcm9kLWNhd/GFsb2ctbWVkaWEvc2kvMS83N0YwMkRDRjFBOUZFODNFNTk2OTkyRUJ/BOEZFREJCQTM2RjA3Q0NDNDM2MkE3MTI1NjNBQTlGQzdGQzFEMDk1LmpwZw.jpg"
    ],
    "image_accessibility": "Dve embalaži chorizo klobas podjetja LIDL.",
    "detailed_images": [
      {
        "url": "https://imgproxy-retcat.assets.schwarz/vOsG4CfySiLrQ675B3LX59WTdbEuMIUljCIY98zZqRc/sm:1/w:427/h:320/cz/M6Ly9wcm9kLWNhd/GFsb2ctbWVkaWEvc2kvMS9DNEM0M0U1NTI5ODE5NEYxNTdENjc0RUQ/4QkZDRjg5NUUyNEZEQTNGQURENkM5NTQ5NUE3RTE4QkUxRkNEQkQ5LmpwZw.jpg",
        "accessibility": "Dve embalaži chorizo klobas podjetja LIDL."
      },
      {
        "url": "https://imgproxy-retcat.assets.schwarz/sRrZafGRlCEVeMRv_GwUQx1oQxNd5Ne60hhAxrfx8lg/sm:1/w:427/h:320/cz/M6Ly9wcm9kLWNhd/GFsb2ctbWVkaWEvc2kvMS82QzRBQkIxNzMxNkY3MzMxQUZERTk0REY/3NzlEQUFEOTY2RTM5RTZERTk0NkM2NzNCODhFNDA4MzU2MjNDNjdFLmpwZw.jpg",
        "accessibility": "Pakiranje Pečenega Čoricza Delov Marke."
      },
      {
        "url": "https://imgproxy-retcat.assets.schwarz/dxANps0TrutSq-avE-j7hlzkXdVEQj-iiZjhD8RFlUY/sm:1/w:427/h:320/cz/M6Ly9wcm9kLWNhd/GFsb2ctbWVkaWEvc2kvMS83N0YwMkRDRjFBOUZFODNFNTk2OTkyRUJ/BOEZFREJCQTM2RjA3Q0NDNDM2MkE3MTI1NjNBQTlGQzdGQzFEMDk1LmpwZw.jpg",
        "accessibility": "Pakiranje štirih Zelenin chorizo klobas, pripravljenih za pečenje."
      }
    ],
    "analytics_category": "Food",
    "more_details": "Dodatne podrobnosti o izdelku",
    "won_category_primary": "Svetovi potreb/Hrana in bližnja hrana/Klobase in meso",
    "won_category_primary_path": "0/17/1717",
    "canonical_path": "/p/deluxe-klobasa-chorizo-za-zar/p10082627",
    "canonical_url": "/p/deluxe-klobasa-chorizo-za-zar/p10082627",
    "awards": [],
    "seals": [
      {
        "altText": "Nalepka: NOVO!",
        "image": "https://imgproxy-retcat.assets.schwarz/gW7U9oAMEinoB9aSfR-kefCuzYAnn4a_JeAvwiBZ8jM/sm:1/w:140/cz/M6Ly9wcm9kLWNhd/GFsb2ctbWVkaWEvc2kvMi8xMzJDOEE4QTc5MEM1OUI0Q0UxNUQ5OUV/GRjE1MTJBOThEN0JEOEI5NEU0MzkzRkRGQjk3Q0NCOUE5MjIxODNCLnBuZw.png"
      },
      {
        "altText": "Nalepka: Hlajeno",
        "image": "https://imgproxy-retcat.assets.schwarz/7x3Iby7aD19hFySDnP2YoXt7E1r0JrvJVj0QO1gUOes/sm:1/w:140/cz/M6Ly9wcm9kLWNhd/GFsb2ctbWVkaWEvc2kvMi8xMzFBN0E2RDlCREZGREQxOEE2OTFDNEZ/FNDE5RTM0QUMxQjY4OEQ0OUY2QTAxMTRDRjQ1RjdCNTNDRjM2NUJBLnBuZw.png"
      }
    ],
    "ribbons": [],
    "highlighted_seals": 0,
    "lidl_plus": [],
    "regions": [],
    "ians": [
      "195050"
    ],
    "show_brand": true,
    "deal_of_day_active": false,
    "full_title_meta": "DELUXE Klobasa „Chorizo“ za žar",
    "lists": [
      4991
    ],
    "preview": false,
    "category_breadcrumbs": [
      {
        "id": "10068374",
        "name": "Hrana in pijača",
        "url": "/c/hrana-in-pijaca/s10068374",
        "hidden": false
      },
      {
        "id": "10071016",
        "name": "Meso in mesni izdelki",
        "url": "/h/meso-in-mesni-izdelki/h10071016",
        "hidden": false
      }
    ],
    "campaigns": [
      {
        "id": "Current_Sales_Week",
        "name": "Ta teden",
        "url": null,
        "hidden": false
      },
      {
        "id": "10075259",
        "name": "Deluxe - Gurmanski okus poletja",
        "url": "/c/deluxe-gurmanski-okus-poletja/a10075259",
        "hidden": false
      }
    ],
    "world_of_needs_code": "1717",
    "world_of_needs_name": "Klobase in meso",
    "world_of_needs_parent": "17",
    "is_main_category": true,
    "super_categories": [
      {
        "code": "17",
        "name": "Hrana in bližnja hrana",
        "parent": "0"
      },
      {
        "code": "0",
        "name": "Svetovi potreb",
        "parent": ""
      }
    ],
    "position": 206,
    "tracking_payload": {
      "searchTrackingMasterId": "Product.10082627",
      "searchTrackingTitle": "Klobasa+%E2%80%9EChorizo%E2%80%9C+za+%C5%BEar",
      "searchTrackingPageSize": 100,
      "searchTrackingPage": 3,
      "searchTrackingEvent": "click",
      "list": "search",
      "searchTrackingId": "Product.10082627",
      "searchTrackingOrigPos": 1,
      "searchTrackingPos": 206,
      "searchTrackingOrigPageSize": 100,
      "searchTrackingChannel": "SI",
      "category": "Food"
    }
  },
  {
    "code": "10082629",
    "name": "Popečeni kruhki",
    "url": "",
    "result_class": "product",
    "type": "product",
    "product_id": 10082629,
    "erp_number": "10082629",
    "item_id": 10082629,
    "full_title": "DELUXE Popečeni kruhki",
    "title": "Popečeni kruhki",
    "category": "Food",
    "product_type": "RETAIL",
    "age_restriction": false,
    "is_used_product": false,
    "multipack": false,
    "online": false,
    "store": false,
    "quick_add_to_cart": false,
    "flash_sales": false,
    "having_videos": false,
    "having_threesixty": false,
    "price": 1.49,
    "old_price": 0.0,
    "currency_code": "EUR",
    "currency_symbol": "€",
    "has_star": true,
    "has_vat": false,
    "price_theme": "white_red",
    "variants_have_different_prices": false,
    "base_price_text": "1 kg = 11.46",
    "base_price_prefix": false,
    "packaging_text": "130 g",
    "discount_deleted_price": null,
    "discount_text": null,
    "discount_percentage": null,
    "discount_has_star": null,
    "show_discount": null,
    "show_percentage": null,
    "from_recommended_price": null,
    "availability_indicator": 0,
    "online_available": false,
    "min_orderable_quantity": 1,
    "orderable_quantities": [],
    "badge_texts": [
      "od 10.07. v trgovini"
    ],
    "badge_types": [
      "IN_STORE_FROM_DATE_FUTURE"
    ],
    "main_image": "https://imgproxy-retcat.assets.schwarz/Tl5wcE3sW5E5nTrCkGSpfgtWp5PalQAViQIgV_61unk/sm:1/w:427/h:320/cz/M6Ly9wcm9kLWNhd/GFsb2ctbWVkaWEvc2kvMS9EMzQxRkRENTcxREQ1N0ZDNEU1RDQ0NUM/1MkNDNUE4NkE2NDlDMjM2QzExOUE0MkFCOTA2RDA1MDlCRDIwNkY5LmpwZw.jpg",
    "image_list": [
      "https://imgproxy-retcat.assets.schwarz/Tl5wcE3sW5E5nTrCkGSpfgtWp5PalQAViQIgV_61unk/sm:1/w:427/h:320/cz/M6Ly9wcm9kLWNhd/GFsb2ctbWVkaWEvc2kvMS9EMzQxRkRENTcxREQ1N0ZDNEU1RDQ0NUM/1MkNDNUE4NkE2NDlDMjM2QzExOUE0MkFCOTA2RDA1MDlCRDIwNkY5LmpwZw.jpg",
      "https://imgproxy-retcat.assets.schwarz/DdJmJ5YEbNoBCIVfyiFDl9l_dy-KflDDrmb9L9HQEZU/sm:1/w:427/h:320/cz/M6Ly9wcm9kLWNhd/GFsb2ctbWVkaWEvc2kvMS84OTQ3QTQzNUFBNkI4MkM2QTA3NDA3MUR/DNTM0QURGOTdCRTY0RDAzRDI1RUVGMjZDNDdBMEIxRUVGMDhEODE5LmpwZw.jpg",
      "https://imgproxy-retcat.assets.schwarz/KLKHJn1g5ULfLkiyd7CJytNyCKePl5rIJVNF33oujL4/sm:1/w:427/h:320/cz/M6Ly9wcm9kLWNhd/GFsb2ctbWVkaWEvc2kvMS9BQkYwRUY1RTZCNUM3RTNENEYzODEwN0V/BREY3QkVBMjY1RUUzQ0E5NTRFOEREODVFRUI0NTlDMDFBQjAzMjFGLmpwZw.jpg"
    ],
    "image_accessibility": "Dve vrečki Delacre mini kruhkov, ena s papriko in druga navadna.",
    "detailed_images": [
      {
        "url": "https://imgproxy-retcat.assets.schwarz/Tl5wcE3sW5E5nTrCkGSpfgtWp5PalQAViQIgV_61unk/sm:1/w:427/h:320/cz/M6Ly9wcm9kLWNhd/GFsb2ctbWVkaWEvc2kvMS9EMzQxRkRENTcxREQ1N0ZDNEU1RDQ0NUM/1MkNDNUE4NkE2NDlDMjM2QzExOUE0MkFCOTA2RDA1MDlCRDIwNkY5LmpwZw.jpg",
        "accessibility": "Dve vrečki Delacre mini kruhkov, ena s papriko in druga navadna."
      },
      {
        "url": "https://imgproxy-retcat.assets.schwarz/DdJmJ5YEbNoBCIVfyiFDl9l_dy-KflDDrmb9L9HQEZU/sm:1/w:427/h:320/cz/M6Ly9wcm9kLWNhd/GFsb2ctbWVkaWEvc2kvMS84OTQ3QTQzNUFBNkI4MkM2QTA3NDA3MUR/DNTM0QURGOTdCRTY0RDAzRDI1RUVGMjZDNDdBMEIxRUVGMDhEODE5LmpwZw.jpg",
        "accessibility": "Delov paket hrustljavih kruhkov za prigrizke."
      },
      {
        "url": "https://imgproxy-retcat.assets.schwarz/KLKHJn1g5ULfLkiyd7CJytNyCKePl5rIJVNF33oujL4/sm:1/w:427/h:320/cz/M6Ly9wcm9kLWNhd/GFsb2ctbWVkaWEvc2kvMS9BQkYwRUY1RTZCNUM3RTNENEYzODEwN0V/BREY3QkVBMjY1RUUzQ0E5NTRFOEREODVFRUI0NTlDMDFBQjAzMjFGLmpwZw.jpg",
        "accessibility": "Delov paket hrustljavih toastov za prigrizke."
      }
    ],
    "analytics_category": "Food",
    "more_details": "Dodatne podrobnosti o izdelku",
    "won_category_primary": "Svetovi potreb/Hrana in bližnja hrana/Kruh in pekovsko pecivo",
    "won_category_primary_path": "0/17/1713",
    "canonical_path": "/p/deluxe-popeceni-kruhki/p10082629",
    "canonical_url": "/p/deluxe-popeceni-kruhki/p10082629",
    "awards": [],
    "seals": [
      {
        "altText": "Nalepka: NOVO!",
        "image": "https://imgproxy-retcat.assets.schwarz/gW7U9oAMEinoB9aSfR-kefCuzYAnn4a_JeAvwiBZ8jM/sm:1/w:140/cz/M6Ly9wcm9kLWNhd/GFsb2ctbWVkaWEvc2kvMi8xMzJDOEE4QTc5MEM1OUI0Q0UxNUQ5OUV/GRjE1MTJBOThEN0JEOEI5NEU0MzkzRkRGQjk3Q0NCOUE5MjIxODNCLnBuZw.png"
      }
    ],
    "ribbons": [],
    "highlighted_seals": 0,
    "lidl_plus": [],
    "regions": [],
    "ians": [
      "6601450"
    ],
    "show_brand": true,
    "deal_of_day_active": false,
    "full_title_meta": "DELUXE Popečeni kruhki",
    "lists": [
      4991
    ],
    "preview": false,
    "category_breadcrumbs": [
      {
        "id": "10068374",
        "name": "Hrana in pijača",
        "url": "/c/hrana-in-pijaca/s10068374",
        "hidden": false
      },
      {
        "id": "10071015",
        "name": "Kruh in pekovski izdelki",
        "url": "/h/kruh-in-pekovski-izdelki/h10071015",
        "hidden": false
      }
    ],
    "campaigns": [
      {
        "id": "Current_Sales_Week",
        "name": "Ta teden",
        "url": null,
        "hidden": false
      },
      {
        "id": "10075259",
        "name": "Deluxe - Gurmanski okus poletja",
        "url": "/c/deluxe-gurmanski-okus-poletja/a10075259",
        "hidden": false
      }
    ],
    "world_of_needs_code": "1713",
    "world_of_needs_name": "Kruh in pekovsko pecivo",
    "world_of_needs_parent": "17",
    "is_main_category": true,
    "super_categories": [
      {
        "code": "17",
        "name": "Hrana in bližnja hrana",
        "parent": "0"
      },
      {
        "code": "0",
        "name": "Svetovi potreb",
        "parent": ""
      }
    ],
    "position": 207,
    "tracking_payload": {
      "searchTrackingMasterId": "Product.10082629",
      "searchTrackingTitle": "Pope%C4%8Deni+kruhki",
      "searchTrackingPageSize": 100,
      "searchTrackingPage": 3,
      "searchTrackingEvent": "click",
      "list": "search",
      "searchTrackingId": "Product.10082629",
      "searchTrackingOrigPos": 1,
      "searchTrackingPos": 207,
      "searchTrackingOrigPageSize": 100,
      "searchTrackingChannel": "SI",
      "category": "Food"
    }
  },
  {
    "code": "10082631",
    "name": "Kaviar iz iker bradavičarice",
    "url": "",
    "result_class": "product",
    "type": "product",
    "product_id": 10082631,
    "erp_number": "10082631",
    "item_id": 10082631,
    "full_title": "DELUXE Kaviar iz iker bradavičarice",
    "title": "Kaviar iz iker bradavičarice",
    "category": "Food",
    "product_type": "RETAIL",
    "age_restriction": false,
    "is_used_product": false,
    "multipack": false,
    "online": false,
    "store": false,
    "quick_add_to_cart": false,
    "flash_sales": false,
    "having_videos": false,
    "having_threesixty": false,
    "price": 2.99,
    "old_price": 0.0,
    "currency_code": "EUR",
    "currency_symbol": "€",
    "has_star": true,
    "has_vat": false,
    "price_theme": "white_red",
    "variants_have_different_prices": false,
    "base_price_text": "1 kg = 29.90",
    "base_price_prefix": false,
    "packaging_text": "100 g",
    "discount_deleted_price": null,
    "discount_text": null,
    "discount_percentage": null,
    "discount_has_star": null,
    "show_discount": null,
    "show_percentage": null,
    "from_recommended_price": null,
    "availability_indicator": 0,
    "online_available": false,
    "min_orderable_quantity": 1,
    "orderable_quantities": [],
    "badge_texts": [
      "od 10.07. v trgovini"
    ],
    "badge_types": [
      "IN_STORE_FROM_DATE_FUTURE"
    ],
    "main_image": "https://imgproxy-retcat.assets.schwarz/FzU47rlzK2YHI2VGRafc1AyL7N2J8AAvocFdWYmRxEQ/sm:1/w:427/h:320/cz/M6Ly9wcm9kLWNhd/GFsb2ctbWVkaWEvc2kvMS9ENUVBREExRjc2OEFFRTFBRjczNkZCMEI/zNjQxOUZCQzdDQTFBQkM5ODc2NDE1NDAxMjNFOTQ4MjhCNjAxOTA1LmpwZw.jpg",
    "image_list": [
      "https://imgproxy-retcat.assets.schwarz/FzU47rlzK2YHI2VGRafc1AyL7N2J8AAvocFdWYmRxEQ/sm:1/w:427/h:320/cz/M6Ly9wcm9kLWNhd/GFsb2ctbWVkaWEvc2kvMS9ENUVBREExRjc2OEFFRTFBRjczNkZCMEI/zNjQxOUZCQzdDQTFBQkM5ODc2NDE1NDAxMjNFOTQ4MjhCNjAxOTA1LmpwZw.jpg"
    ],
    "image_accessibility": "Deloir kavijar v steklenički.",
    "detailed_images": [
      {
        "url": "https://imgproxy-retcat.assets.schwarz/FzU47rlzK2YHI2VGRafc1AyL7N2J8AAvocFdWYmRxEQ/sm:1/w:427/h:320/cz/M6Ly9wcm9kLWNhd/GFsb2ctbWVkaWEvc2kvMS9ENUVBREExRjc2OEFFRTFBRjczNkZCMEI/zNjQxOUZCQzdDQTFBQkM5ODc2NDE1NDAxMjNFOTQ4MjhCNjAxOTA1LmpwZw.jpg",
        "accessibility": "Deloir kavijar v steklenički."
      }
    ],
    "analytics_category": "Food",
    "more_details": "Dodatne podrobnosti o izdelku",
    "won_category_primary": "Svetovi potreb/Hrana in bližnja hrana/Jajca in osnovna živila (testenine, moka, stročnice itd.)",
    "won_category_primary_path": "0/17/1715",
    "canonical_path": "/p/deluxe-kaviar-iz-iker-bradavicarice/p10082631",
    "canonical_url": "/p/deluxe-kaviar-iz-iker-bradavicarice/p10082631",
    "awards": [],
    "seals": [
      {
        "altText": "Nalepka: Hlajeno",
        "image": "https://imgproxy-retcat.assets.schwarz/7x3Iby7aD19hFySDnP2YoXt7E1r0JrvJVj0QO1gUOes/sm:1/w:140/cz/M6Ly9wcm9kLWNhd/GFsb2ctbWVkaWEvc2kvMi8xMzFBN0E2RDlCREZGREQxOEE2OTFDNEZ/FNDE5RTM0QUMxQjY4OEQ0OUY2QTAxMTRDRjQ1RjdCNTNDRjM2NUJBLnBuZw.png"
      }
    ],
    "ribbons": [],
    "highlighted_seals": 0,
    "lidl_plus": [],
    "regions": [],
    "ians": [
      "122086"
    ],
    "show_brand": true,
    "deal_of_day_active": false,
    "full_title_meta": "DELUXE Kaviar iz iker bradavičarice",
    "lists": [
      4991
    ],
    "preview": false,
    "category_breadcrumbs": [
      {
        "id": "10068374",
        "name": "Hrana in pijača",
        "url": "/c/hrana-in-pijaca/s10068374",
        "hidden": false
      },
      {
        "id": "10071045",
        "name": "Jajca in osnovna živila",
        "url": "/h/jajca-in-osnovna-zivila/h10071045",
        "hidden": false
      }
    ],
    "campaigns": [
      {
        "id": "Current_Sales_Week",
        "name": "Ta teden",
        "url": null,
        "hidden": false
      },
      {
        "id": "10075259",
        "name": "Deluxe - Gurmanski okus poletja",
        "url": "/c/deluxe-gurmanski-okus-poletja/a10075259",
        "hidden": false
      }
    ],
    "world_of_needs_code": "1715",
    "world_of_needs_name": "Jajca in osnovna živila (testenine, moka, stročnice itd.)",
    "world_of_needs_parent": "17",
    "is_main_category": true,
    "super_categories": [
      {
        "code": "17",
        "name": "Hrana in bližnja hrana",
        "parent": "0"
      },
      {
        "code": "0",
        "name": "Svetovi potreb",
        "parent": ""
      }
    ],
    "position": 208,
    "tracking_payload": {
      "searchTrackingMasterId": "Product.10082631",
      "searchTrackingTitle": "Kaviar+iz+iker+bradavi%C4%8Darice",
      "searchTrackingPageSize": 100,
      "searchTrackingPage": 3,
      "searchTrackingEvent": "click",
      "list": "search",
      "searchTrackingId": "Product.10082631",
      "searchTrackingOrigPos": 1,
      "searchTrackingPos": 208,
      "searchTrackingOrigPageSize": 100,
      "searchTrackingChannel": "SI",
      "category": "Food"
    }
  },
  {
    "code": "10082633",
    "name": "„Focaccia Farcita“",
    "url": "",
    "result_class": "product",
    "type": "product",
    "product_id": 10082633,
    "erp_number": "10082633",
    "item_id": 10082633,
    "full_title": "DELUXE „Focaccia Farcita“",
    "title": "„Focaccia Farcita“",
    "category": "Food",
    "product_type": "RETAIL",
    "age_restriction": false,
    "is_used_product": false,
    "multipack": false,
    "online": false,
    "store": false,
    "quick_add_to_cart": false,
    "flash_sales": false,
    "having_videos": false,
    "having_threesixty": false,
    "price": 3.49,
    "old_price": 0.0,
    "currency_code": "EUR",
    "currency_symbol": "€",
    "has_star": true,
    "has_vat": false,
    "price_theme": "white_red",
    "variants_have_different_prices": false,
    "base_price_text": "1 kg = 10.58",
    "base_price_prefix": false,
    "packaging_text": "330 g",
    "discount_deleted_price": null,
    "discount_text": null,
    "discount_percentage": null,
    "discount_has_star": null,
    "show_discount": null,
    "show_percentage": null,
    "from_recommended_price": null,
    "availability_indicator": 0,
    "online_available": false,
    "min_orderable_quantity": 1,
    "orderable_quantities": [],
    "badge_texts": [
      "od 10.07. v trgovini"
    ],
    "badge_types": [
      "IN_STORE_FROM_DATE_FUTURE"
    ],
    "main_image": "https://imgproxy-retcat.assets.schwarz/q14f3NUDD1GBH9SUd3GN-kldDHndm25I0bdbWdvVTd0/sm:1/w:427/h:320/cz/M6Ly9wcm9kLWNhd/GFsb2ctbWVkaWEvc2kvMS80QzJFNDQ0MTRCQzc3NzNDNzAyMENCOTh/EQzBBMzcxQkJDOENGMkU2RjNGQzRFNUZBOTQ5NzJCMTE5MTM5ODIyLmpwZw.jpg",
    "image_list": [
      "https://imgproxy-retcat.assets.schwarz/q14f3NUDD1GBH9SUd3GN-kldDHndm25I0bdbWdvVTd0/sm:1/w:427/h:320/cz/M6Ly9wcm9kLWNhd/GFsb2ctbWVkaWEvc2kvMS80QzJFNDQ0MTRCQzc3NzNDNzAyMENCOTh/EQzBBMzcxQkJDOENGMkU2RjNGQzRFNUZBOTQ5NzJCMTE5MTM5ODIyLmpwZw.jpg"
    ],
    "image_accessibility": "Zamrznjena focaccia farcita Deliss s lososom in sirom.",
    "detailed_images": [
      {
        "url": "https://imgproxy-retcat.assets.schwarz/q14f3NUDD1GBH9SUd3GN-kldDHndm25I0bdbWdvVTd0/sm:1/w:427/h:320/cz/M6Ly9wcm9kLWNhd/GFsb2ctbWVkaWEvc2kvMS80QzJFNDQ0MTRCQzc3NzNDNzAyMENCOTh/EQzBBMzcxQkJDOENGMkU2RjNGQzRFNUZBOTQ5NzJCMTE5MTM5ODIyLmpwZw.jpg",
        "accessibility": "Zamrznjena focaccia farcita Deliss s lososom in sirom."
      }
    ],
    "analytics_category": "Food",
    "more_details": "Dodatne podrobnosti o izdelku",
    "won_category_primary": "Svetovi potreb/Hrana in bližnja hrana/Kruh in pekovsko pecivo",
    "won_category_primary_path": "0/17/1713",
    "canonical_path": "/p/deluxe-focaccia-farcita/p10082633",
    "canonical_url": "/p/deluxe-focaccia-farcita/p10082633",
    "awards": [],
    "seals": [
      {
        "altText": "Znak: Zamrznjeno",
        "image": "https://imgproxy-retcat.assets.schwarz/ayWyw20LfIYJzOhoc4KvR8G0z3S3CSGFD0vHUIK3dgY/sm:1/w:140/cz/M6Ly9wcm9kLWNhd/GFsb2ctbWVkaWEvc2kvMi81NkZCNjYzMzA5NkRFMERFNzUzNEI1ODY/xRDQ4Q0MxRTkxQkUzNUMxOTBGNTAyMURGMjJGODEyQzk0ODhCNTYwLnBuZw.png"
      }
    ],
    "ribbons": [],
    "highlighted_seals": 0,
    "lidl_plus": [],
    "regions": [],
    "ians": [
      "6013493"
    ],
    "show_brand": true,
    "deal_of_day_active": false,
    "full_title_meta": "DELUXE „Focaccia Farcita“",
    "lists": [
      4991
    ],
    "preview": false,
    "category_breadcrumbs": [
      {
        "id": "10068374",
        "name": "Hrana in pijača",
        "url": "/c/hrana-in-pijaca/s10068374",
        "hidden": false
      },
      {
        "id": "10071015",
        "name": "Kruh in pekovski izdelki",
        "url": "/h/kruh-in-pekovski-izdelki/h10071015",
        "hidden": false
      }
    ],
    "campaigns": [
      {
        "id": "Current_Sales_Week",
        "name": "Ta teden",
        "url": null,
        "hidden": false
      },
      {
        "id": "10075259",
        "name": "Deluxe - Gurmanski okus poletja",
        "url": "/c/deluxe-gurmanski-okus-poletja/a10075259",
        "hidden": false
      }
    ],
    "world_of_needs_code": "1713",
    "world_of_needs_name": "Kruh in pekovsko pecivo",
    "world_of_needs_parent": "17",
    "is_main_category": true,
    "super_categories": [
      {
        "code": "17",
        "name": "Hrana in bližnja hrana",
        "parent": "0"
      },
      {
        "code": "0",
        "name": "Svetovi potreb",
        "parent": ""
      }
    ],
    "position": 209,
    "tracking_payload": {
      "searchTrackingMasterId": "Product.10082633",
      "searchTrackingTitle": "%E2%80%9EFocaccia+Farcita%E2%80%9C",
      "searchTrackingPageSize": 100,
      "searchTrackingPage": 3,
      "searchTrackingEvent": "click",
      "list": "search",
      "searchTrackingId": "Product.10082633",
      "searchTrackingOrigPos": 1,
      "searchTrackingPos": 209,
      "searchTrackingOrigPageSize": 100,
      "searchTrackingChannel": "SI",
      "category": "Food"
    }
  },
  {
    "code": "10082635",
    "name": "Marinada za žar",
    "url": "",
    "result_class": "product",
    "type": "product",
    "product_id": 10082635,
    "erp_number": "10082635",
    "item_id": 10082635,
    "full_title": "DELUXE Marinada za žar",
    "title": "Marinada za žar",
    "category": "Food",
    "product_type": "RETAIL",
    "age_restriction": false,
    "is_used_product": false,
    "multipack": false,
    "online": false,
    "store": false,
    "quick_add_to_cart": false,
    "flash_sales": false,
    "having_videos": false,
    "having_threesixty": false,
    "price": 1.99,
    "old_price": 0.0,
    "currency_code": "EUR",
    "currency_symbol": "€",
    "has_star": true,
    "has_vat": false,
    "price_theme": "white_red",
    "variants_have_different_prices": false,
    "base_price_text": "1 kg = 8.29",
    "base_price_prefix": false,
    "packaging_text": "240 ml",
    "discount_deleted_price": null,
    "discount_text": null,
    "discount_percentage": null,
    "discount_has_star": null,
    "show_discount": null,
    "show_percentage": null,
    "from_recommended_price": null,
    "availability_indicator": 0,
    "online_available": false,
    "min_orderable_quantity": 1,
    "orderable_quantities": [],
    "badge_texts": [
      "od 10.07. v trgovini"
    ],
    "badge_types": [
      "IN_STORE_FROM_DATE_FUTURE"
    ],
    "main_image": "https://imgproxy-retcat.assets.schwarz/jv5QNeGcbs9ZSs48Q6pBgX8dbW32815CTffi12F7vF0/sm:1/w:427/h:320/cz/M6Ly9wcm9kLWNhd/GFsb2ctbWVkaWEvc2kvMS8yQzA3NUY3REU4OUUyQjNFMEY3MUIyN0Q/zNTcxOEQzOUJBNjc3NEUxQUIzOEFCRjU0MTMwQ0QzQzk2OTZENjg2LmpwZw.jpg",
    "image_list": [
      "https://imgproxy-retcat.assets.schwarz/jv5QNeGcbs9ZSs48Q6pBgX8dbW32815CTffi12F7vF0/sm:1/w:427/h:320/cz/M6Ly9wcm9kLWNhd/GFsb2ctbWVkaWEvc2kvMS8yQzA3NUY3REU4OUUyQjNFMEY3MUIyN0Q/zNTcxOEQzOUJBNjc3NEUxQUIzOEFCRjU0MTMwQ0QzQzk2OTZENjg2LmpwZw.jpg",
      "https://imgproxy-retcat.assets.schwarz/gAJNAnxStyDNcKYOcr4SttoKqKq0lKWBF1dyGqD7DGg/sm:1/w:427/h:320/cz/M6Ly9wcm9kLWNhd/GFsb2ctbWVkaWEvc2kvMS80OUM5NzA1RDQwNkQxRDE1QkRCMzE5Q0E/wRjlGMDExQUFGMUUzNkQzQTgyNDA2RDcxOUVDNUE2REYxOUJBOUZCLmpwZw.jpg",
      "https://imgproxy-retcat.assets.schwarz/LFkrqWJTMeDjoX_1LR4U71aU9IqEGu74P1OKbXIenXQ/sm:1/w:427/h:320/cz/M6Ly9wcm9kLWNhd/GFsb2ctbWVkaWEvc2kvMS9BOUIwQjk2REMxNzA5QkNBNzZDMjJFMjN/GODgyMkNCMjYzMUE2RkQ5OTc2OTcyRkVBOEU2NkI3MTE3NTdBRUEyLmpwZw.jpg"
    ],
    "image_accessibility": "Tri steklenice Jalapeño omak različnih okusov.",
    "detailed_images": [
      {
        "url": "https://imgproxy-retcat.assets.schwarz/jv5QNeGcbs9ZSs48Q6pBgX8dbW32815CTffi12F7vF0/sm:1/w:427/h:320/cz/M6Ly9wcm9kLWNhd/GFsb2ctbWVkaWEvc2kvMS8yQzA3NUY3REU4OUUyQjNFMEY3MUIyN0Q/zNTcxOEQzOUJBNjc3NEUxQUIzOEFCRjU0MTMwQ0QzQzk2OTZENjg2LmpwZw.jpg",
        "accessibility": "Tri steklenice Jalapeño omak različnih okusov."
      },
      {
        "url": "https://imgproxy-retcat.assets.schwarz/gAJNAnxStyDNcKYOcr4SttoKqKq0lKWBF1dyGqD7DGg/sm:1/w:427/h:320/cz/M6Ly9wcm9kLWNhd/GFsb2ctbWVkaWEvc2kvMS80OUM5NzA1RDQwNkQxRDE1QkRCMzE5Q0E/wRjlGMDExQUFGMUUzNkQzQTgyNDA2RDcxOUVDNUE2REYxOUJBOUZCLmpwZw.jpg",
        "accessibility": "Steklenica omake Dorset Mango Chutney."
      },
      {
        "url": "https://imgproxy-retcat.assets.schwarz/LFkrqWJTMeDjoX_1LR4U71aU9IqEGu74P1OKbXIenXQ/sm:1/w:427/h:320/cz/M6Ly9wcm9kLWNhd/GFsb2ctbWVkaWEvc2kvMS9BOUIwQjk2REMxNzA5QkNBNzZDMjJFMjN/GODgyMkNCMjYzMUE2RkQ5OTc2OTcyRkVBOEU2NkI3MTE3NTdBRUEyLmpwZw.jpg",
        "accessibility": "Steklenica pikantne paradižnikove omake."
      }
    ],
    "analytics_category": "Food",
    "more_details": "Dodatne podrobnosti o izdelku",
    "won_category_primary": "Svetovi potreb/Hrana in bližnja hrana/Začimbe, gorčica in omake",
    "won_category_primary_path": "0/17/1736",
    "canonical_path": "/p/deluxe-marinada-za-zar/p10082635",
    "canonical_url": "/p/deluxe-marinada-za-zar/p10082635",
    "awards": [],
    "seals": [
      {
        "altText": "Nalepka: NOVO!",
        "image": "https://imgproxy-retcat.assets.schwarz/gW7U9oAMEinoB9aSfR-kefCuzYAnn4a_JeAvwiBZ8jM/sm:1/w:140/cz/M6Ly9wcm9kLWNhd/GFsb2ctbWVkaWEvc2kvMi8xMzJDOEE4QTc5MEM1OUI0Q0UxNUQ5OUV/GRjE1MTJBOThEN0JEOEI5NEU0MzkzRkRGQjk3Q0NCOUE5MjIxODNCLnBuZw.png"
      }
    ],
    "ribbons": [],
    "highlighted_seals": 0,
    "lidl_plus": [],
    "regions": [],
    "ians": [
      "207925"
    ],
    "show_brand": true,
    "deal_of_day_active": false,
    "full_title_meta": "DELUXE Marinada za žar",
    "lists": [
      4991
    ],
    "preview": false,
    "category_breadcrumbs": [
      {
        "id": "10068374",
        "name": "Hrana in pijača",
        "url": "/c/hrana-in-pijaca/s10068374",
        "hidden": false
      },
      {
        "id": "10071682",
        "name": "Začimbe, gorčica in omake",
        "url": "/h/zacimbe-gorcica-in-omake/h10071682",
        "hidden": false
      }
    ],
    "campaigns": [
      {
        "id": "Current_Sales_Week",
        "name": "Ta teden",
        "url": null,
        "hidden": false
      },
      {
        "id": "10075259",
        "name": "Deluxe - Gurmanski okus poletja",
        "url": "/c/deluxe-gurmanski-okus-poletja/a10075259",
        "hidden": false
      }
    ],
    "world_of_needs_code": "1736",
    "world_of_needs_name": "Začimbe, gorčica in omake",
    "world_of_needs_parent": "17",
    "is_main_category": true,
    "super_categories": [
      {
        "code": "17",
        "name": "Hrana in bližnja hrana",
        "parent": "0"
      },
      {
        "code": "0",
        "name": "Svetovi potreb",
        "parent": ""
      }
    ],
    "position": 210,
    "tracking_payload": {
      "searchTrackingMasterId": "Product.10082635",
      "searchTrackingTitle": "Marinada+za+%C5%BEar",
      "searchTrackingPageSize": 100,
      "searchTrackingPage": 3,
      "searchTrackingEvent": "click",
      "list": "search",
      "searchTrackingId": "Product.10082635",
      "searchTrackingOrigPos": 1,
      "searchTrackingPos": 210,
      "searchTrackingOrigPageSize": 100,
      "searchTrackingChannel": "SI",
      "category": "Food"
    }
  },
  {
    "code": "10082637",
    "name": "Omaka za žar",
    "url": "",
    "result_class": "product",
    "type": "product",
    "product_id": 10082637,
    "erp_number": "10082637",
    "item_id": 10082637,
    "full_title": "DELUXE Omaka za žar",
    "title": "Omaka za žar",
    "category": "Food",
    "product_type": "RETAIL",
    "age_restriction": false,
    "is_used_product": false,
    "multipack": false,
    "online": false,
    "store": false,
    "quick_add_to_cart": false,
    "flash_sales": false,
    "having_videos": false,
    "having_threesixty": false,
    "price": 3.49,
    "old_price": 0.0,
    "currency_code": "EUR",
    "currency_symbol": "€",
    "has_star": true,
    "has_vat": false,
    "price_theme": "white_red",
    "variants_have_different_prices": false,
    "base_price_text": "1 kg = 14.24",
    "base_price_prefix": false,
    "packaging_text": "245 ml",
    "discount_deleted_price": null,
    "discount_text": null,
    "discount_percentage": null,
    "discount_has_star": null,
    "show_discount": null,
    "show_percentage": null,
    "from_recommended_price": null,
    "availability_indicator": 0,
    "online_available": false,
    "min_orderable_quantity": 1,
    "orderable_quantities": [],
    "badge_texts": [
      "od 10.07. v trgovini"
    ],
    "badge_types": [
      "IN_STORE_FROM_DATE_FUTURE"
    ],
    "main_image": "https://imgproxy-retcat.assets.schwarz/CA7C7_uimlQng2eRt6FLlxZ4tFOM9mdlipZb5c7q4NU/sm:1/w:427/h:320/cz/M6Ly9wcm9kLWNhd/GFsb2ctbWVkaWEvc2kvMS8zQTJCMTdGQTY4RkU2RTUzQzFDRUJBNjg/2NTI2NDMwRjAzQzNCMTE5RTk4QjkwRUM2QTU0QUIzQ0Y0OTMwNTFCLmpwZw.jpg",
    "image_list": [
      "https://imgproxy-retcat.assets.schwarz/CA7C7_uimlQng2eRt6FLlxZ4tFOM9mdlipZb5c7q4NU/sm:1/w:427/h:320/cz/M6Ly9wcm9kLWNhd/GFsb2ctbWVkaWEvc2kvMS8zQTJCMTdGQTY4RkU2RTUzQzFDRUJBNjg/2NTI2NDMwRjAzQzNCMTE5RTk4QjkwRUM2QTU0QUIzQ0Y0OTMwNTFCLmpwZw.jpg",
      "https://imgproxy-retcat.assets.schwarz/jGvjRu-o2kj4J_A-ueHX-JmBESBTfA4othYMSFZtu1M/sm:1/w:427/h:320/cz/M6Ly9wcm9kLWNhd/GFsb2ctbWVkaWEvc2kvMS9EMUI1MjZDODk3NjhFOTBBNUUzQkY2ODc/1OUEwQTM1NEJENzBENUNBQzk2MjdCMzhEMzZDMzI3QUI5NkQ4NzI2LmpwZw.jpg",
      "https://imgproxy-retcat.assets.schwarz/3Y1qINUqCiIOmYtCi3pbHMAd7z7p4kElPFQIox7xsR0/sm:1/w:427/h:320/cz/M6Ly9wcm9kLWNhd/GFsb2ctbWVkaWEvc2kvMS84NThDOUYwNEU2QTg4MzhGQzExNTU4MkM/2N0NDMDQ2MTI2MjgzMTdGMEFDQzU5RUZERDkzQjg4MDE3REU2NUIyLmpwZw.jpg"
    ],
    "image_accessibility": "Tri steklenice Zeer omak: začinjena omaka za meso, omaka iz medu in sezamov preliv.",
    "detailed_images": [
      {
        "url": "https://imgproxy-retcat.assets.schwarz/CA7C7_uimlQng2eRt6FLlxZ4tFOM9mdlipZb5c7q4NU/sm:1/w:427/h:320/cz/M6Ly9wcm9kLWNhd/GFsb2ctbWVkaWEvc2kvMS8zQTJCMTdGQTY4RkU2RTUzQzFDRUJBNjg/2NTI2NDMwRjAzQzNCMTE5RTk4QjkwRUM2QTU0QUIzQ0Y0OTMwNTFCLmpwZw.jpg",
        "accessibility": "Tri steklenice Zeer omak: začinjena omaka za meso, omaka iz medu in sezamov preliv."
      },
      {
        "url": "https://imgproxy-retcat.assets.schwarz/jGvjRu-o2kj4J_A-ueHX-JmBESBTfA4othYMSFZtu1M/sm:1/w:427/h:320/cz/M6Ly9wcm9kLWNhd/GFsb2ctbWVkaWEvc2kvMS9EMUI1MjZDODk3NjhFOTBBNUUzQkY2ODc/1OUEwQTM1NEJENzBENUNBQzk2MjdCMzhEMzZDMzI3QUI5NkQ4NzI2LmpwZw.jpg",
        "accessibility": "Steklenica Delish Balancer Beetroot Sauce."
      },
      {
        "url": "https://imgproxy-retcat.assets.schwarz/3Y1qINUqCiIOmYtCi3pbHMAd7z7p4kElPFQIox7xsR0/sm:1/w:427/h:320/cz/M6Ly9wcm9kLWNhd/GFsb2ctbWVkaWEvc2kvMS84NThDOUYwNEU2QTg4MzhGQzExNTU4MkM/2N0NDMDQ2MTI2MjgzMTdGMEFDQzU5RUZERDkzQjg4MDE3REU2NUIyLmpwZw.jpg",
        "accessibility": "Steklenica omake Delacre Rice Sauce."
      }
    ],
    "analytics_category": "Food",
    "more_details": "Dodatne podrobnosti o izdelku",
    "won_category_primary": "Svetovi potreb/Hrana in bližnja hrana/Začimbe, gorčica in omake",
    "won_category_primary_path": "0/17/1736",
    "canonical_path": "/p/deluxe-omaka-za-zar/p10082637",
    "canonical_url": "/p/deluxe-omaka-za-zar/p10082637",
    "awards": [],
    "seals": [
      {
        "altText": "Nalepka: NOVO!",
        "image": "https://imgproxy-retcat.assets.schwarz/gW7U9oAMEinoB9aSfR-kefCuzYAnn4a_JeAvwiBZ8jM/sm:1/w:140/cz/M6Ly9wcm9kLWNhd/GFsb2ctbWVkaWEvc2kvMi8xMzJDOEE4QTc5MEM1OUI0Q0UxNUQ5OUV/GRjE1MTJBOThEN0JEOEI5NEU0MzkzRkRGQjk3Q0NCOUE5MjIxODNCLnBuZw.png"
      }
    ],
    "ribbons": [],
    "highlighted_seals": 0,
    "lidl_plus": [],
    "regions": [],
    "ians": [
      "165190"
    ],
    "show_brand": true,
    "deal_of_day_active": false,
    "full_title_meta": "DELUXE Omaka za žar",
    "lists": [
      4991
    ],
    "preview": false,
    "category_breadcrumbs": [
      {
        "id": "10068374",
        "name": "Hrana in pijača",
        "url": "/c/hrana-in-pijaca/s10068374",
        "hidden": false
      },
      {
        "id": "10071682",
        "name": "Začimbe, gorčica in omake",
        "url": "/h/zacimbe-gorcica-in-omake/h10071682",
        "hidden": false
      }
    ],
    "campaigns": [
      {
        "id": "Current_Sales_Week",
        "name": "Ta teden",
        "url": null,
        "hidden": false
      },
      {
        "id": "10075259",
        "name": "Deluxe - Gurmanski okus poletja",
        "url": "/c/deluxe-gurmanski-okus-poletja/a10075259",
        "hidden": false
      }
    ],
    "world_of_needs_code": "1736",
    "world_of_needs_name": "Začimbe, gorčica in omake",
    "world_of_needs_parent": "17",
    "is_main_category": true,
    "super_categories": [
      {
        "code": "17",
        "name": "Hrana in bližnja hrana",
        "parent": "0"
      },
      {
        "code": "0",
        "name": "Svetovi potreb",
        "parent": ""
      }
    ],
    "position": 211,
    "tracking_payload": {
      "searchTrackingMasterId": "Product.10082637",
      "searchTrackingTitle": "Omaka+za+%C5%BEar",
      "searchTrackingPageSize": 100,
      "searchTrackingPage": 3,
      "searchTrackingEvent": "click",
      "list": "search",
      "searchTrackingId": "Product.10082637",
      "searchTrackingOrigPos": 1,
      "searchTrackingPos": 211,
      "searchTrackingOrigPageSize": 100,
      "searchTrackingChannel": "SI",
      "category": "Food"
    }
  },
  {
    "code": "10082639",
    "name": "Grško oljčno olje„ Chania Kritis“ s Krete",
    "url": "",
    "result_class": "product",
    "type": "product",
    "product_id": 10082639,
    "erp_number": "10082639",
    "item_id": 10082639,
    "full_title": "DELUXE Grško oljčno olje„ Chania Kritis“ s Krete",
    "title": "Grško oljčno olje„ Chania Kritis“ s Krete",
    "category": "Food",
    "product_type": "RETAIL",
    "age_restriction": false,
    "is_used_product": false,
    "multipack": false,
    "online": false,
    "store": false,
    "quick_add_to_cart": false,
    "flash_sales": false,
    "having_videos": false,
    "having_threesixty": false,
    "price": 9.49,
    "old_price": 0.0,
    "currency_code": "EUR",
    "currency_symbol": "€",
    "has_star": true,
    "has_vat": false,
    "price_theme": "white_red",
    "variants_have_different_prices": false,
    "base_price_text": "1 l = 12.65",
    "base_price_prefix": false,
    "packaging_text": "750 ml",
    "discount_deleted_price": null,
    "discount_text": null,
    "discount_percentage": null,
    "discount_has_star": null,
    "show_discount": null,
    "show_percentage": null,
    "from_recommended_price": null,
    "availability_indicator": 0,
    "online_available": false,
    "min_orderable_quantity": 1,
    "orderable_quantities": [],
    "badge_texts": [
      "od 10.07. v trgovini"
    ],
    "badge_types": [
      "IN_STORE_FROM_DATE_FUTURE"
    ],
    "main_image": "https://imgproxy-retcat.assets.schwarz/9izMxTRlJ1OAAI6cXiu4irLId5vv3FRXAIn-16Nw-Mo/sm:1/w:427/h:320/cz/M6Ly9wcm9kLWNhd/GFsb2ctbWVkaWEvc2kvMS81REQ0NjI4N0U0MEQ2NDQ3NDhEMkEwREI/1MERCNjJBM0I4ODRCNzZDQzM4NEM0QTBGREQxQ0U1ODNCRUVCMTQxLmpwZw.jpg",
    "image_list": [
      "https://imgproxy-retcat.assets.schwarz/9izMxTRlJ1OAAI6cXiu4irLId5vv3FRXAIn-16Nw-Mo/sm:1/w:427/h:320/cz/M6Ly9wcm9kLWNhd/GFsb2ctbWVkaWEvc2kvMS81REQ0NjI4N0U0MEQ2NDQ3NDhEMkEwREI/1MERCNjJBM0I4ODRCNzZDQzM4NEM0QTBGREQxQ0U1ODNCRUVCMTQxLmpwZw.jpg"
    ],
    "image_accessibility": "Steklenica oljčnega olja.",
    "detailed_images": [
      {
        "url": "https://imgproxy-retcat.assets.schwarz/9izMxTRlJ1OAAI6cXiu4irLId5vv3FRXAIn-16Nw-Mo/sm:1/w:427/h:320/cz/M6Ly9wcm9kLWNhd/GFsb2ctbWVkaWEvc2kvMS81REQ0NjI4N0U0MEQ2NDQ3NDhEMkEwREI/1MERCNjJBM0I4ODRCNzZDQzM4NEM0QTBGREQxQ0U1ODNCRUVCMTQxLmpwZw.jpg",
        "accessibility": "Steklenica oljčnega olja."
      }
    ],
    "analytics_category": "Food",
    "more_details": "Dodatne podrobnosti o izdelku",
    "won_category_primary": "Svetovi potreb/Hrana in bližnja hrana/Maščobe, olja, kis in konzerve",
    "won_category_primary_path": "0/17/1735",
    "canonical_path": "/p/deluxe-grsko-oljcno-olje-chania-kritis-s-krete/p10082639",
    "canonical_url": "/p/deluxe-grsko-oljcno-olje-chania-kritis-s-krete/p10082639",
    "awards": [],
    "seals": [
      {
        "altText": "Zaščitena geografska označba.",
        "image": "https://imgproxy-retcat.assets.schwarz/iqWdzqe1AnDrrddJxIljNW9dfEUwlB16PhpW5kt6szw/sm:1/w:140/cz/M6Ly9wcm9kLWNhd/GFsb2ctbWVkaWEvc2kvMi9GQzlENTczN0ZGRDc3RUUzNjE1QzY5QTc/0Q0NDQUU2NTdBMjk2NEIzRjc4MzY1RThCQjk5NjFDNDcwNzlGRjdELnBuZw.png"
      }
    ],
    "ribbons": [],
    "highlighted_seals": 0,
    "lidl_plus": [],
    "regions": [],
    "ians": [
      "117821"
    ],
    "show_brand": true,
    "deal_of_day_active": false,
    "full_title_meta": "DELUXE Grško oljčno olje„ Chania Kritis“ s Krete",
    "lists": [
      4991
    ],
    "preview": false,
    "category_breadcrumbs": [
      {
        "id": "10068374",
        "name": "Hrana in pijača",
        "url": "/c/hrana-in-pijaca/s10068374",
        "hidden": false
      },
      {
        "id": "10071681",
        "name": "Maščobe, olja, kis in konzerve",
        "url": "/h/mascobe-olja-kis-in-konzerve/h10071681",
        "hidden": false
      }
    ],
    "campaigns": [
      {
        "id": "Current_Sales_Week",
        "name": "Ta teden",
        "url": null,
        "hidden": false
      },
      {
        "id": "10075259",
        "name": "Deluxe - Gurmanski okus poletja",
        "url": "/c/deluxe-gurmanski-okus-poletja/a10075259",
        "hidden": false
      }
    ],
    "world_of_needs_code": "1735",
    "world_of_needs_name": "Maščobe, olja, kis in konzerve",
    "world_of_needs_parent": "17",
    "is_main_category": true,
    "super_categories": [
      {
        "code": "17",
        "name": "Hrana in bližnja hrana",
        "parent": "0"
      },
      {
        "code": "0",
        "name": "Svetovi potreb",
        "parent": ""
      }
    ],
    "position": 212,
    "tracking_payload": {
      "searchTrackingMasterId": "Product.10082639",
      "searchTrackingTitle": "Gr%C5%A1ko+olj%C4%8Dno+olje%E2%80%9E+Chania+Kritis%E2%80%9C+s+Krete",
      "searchTrackingPageSize": 100,
      "searchTrackingPage": 3,
      "searchTrackingEvent": "click",
      "list": "search",
      "searchTrackingId": "Product.10082639",
      "searchTrackingOrigPos": 1,
      "searchTrackingPos": 212,
      "searchTrackingOrigPageSize": 100,
      "searchTrackingChannel": "SI",
      "category": "Food"
    }
  },
  {
    "code": "10082641",
    "name": "Kremni liker s pistacijo",
    "url": "",
    "result_class": "product",
    "type": "product",
    "product_id": 10082641,
    "erp_number": "10082641",
    "item_id": 10082641,
    "full_title": "DELUXE Kremni liker s pistacijo",
    "title": "Kremni liker s pistacijo",
    "category": "Food",
    "product_type": "RETAIL",
    "age_restriction": false,
    "is_used_product": false,
    "multipack": false,
    "online": false,
    "store": false,
    "quick_add_to_cart": false,
    "flash_sales": false,
    "having_videos": false,
    "having_threesixty": false,
    "price": 7.99,
    "old_price": 0.0,
    "currency_code": "EUR",
    "currency_symbol": "€",
    "has_star": true,
    "has_vat": false,
    "price_theme": "white_red",
    "variants_have_different_prices": false,
    "base_price_text": "1 l = 15.98",
    "base_price_prefix": false,
    "packaging_text": "0,5 l",
    "discount_deleted_price": null,
    "discount_text": "ZGRABITE PRILOŽNOST!",
    "discount_percentage": null,
    "discount_has_star": false,
    "show_discount": false,
    "show_percentage": false,
    "from_recommended_price": false,
    "availability_indicator": 0,
    "online_available": false,
    "min_orderable_quantity": 1,
    "orderable_quantities": [],
    "badge_texts": [
      "od 10.07. v trgovini"
    ],
    "badge_types": [
      "IN_STORE_FROM_DATE_FUTURE"
    ],
    "main_image": "https://imgproxy-retcat.assets.schwarz/KtI0hNFwZ94RI9LHWbH-pKAHuLOFni__S6lLo7iEI2A/sm:1/w:427/h:320/cz/M6Ly9wcm9kLWNhd/GFsb2ctbWVkaWEvc2kvMS80REZDMzkwNkFGNzEzOUEzRTQwNzY4OTk/2MUE0OTk3OTdFQzNFNjA4OTBGNkU0MEU3MDJBNTk5MzQxOUM4MUYyLmpwZw.jpg",
    "image_list": [
      "https://imgproxy-retcat.assets.schwarz/KtI0hNFwZ94RI9LHWbH-pKAHuLOFni__S6lLo7iEI2A/sm:1/w:427/h:320/cz/M6Ly9wcm9kLWNhd/GFsb2ctbWVkaWEvc2kvMS80REZDMzkwNkFGNzEzOUEzRTQwNzY4OTk/2MUE0OTk3OTdFQzNFNjA4OTBGNkU0MEU3MDJBNTk5MzQxOUM4MUYyLmpwZw.jpg"
    ],
    "image_accessibility": "Steklenica olivnega likerja.",
    "detailed_images": [
      {
        "url": "https://imgproxy-retcat.assets.schwarz/KtI0hNFwZ94RI9LHWbH-pKAHuLOFni__S6lLo7iEI2A/sm:1/w:427/h:320/cz/M6Ly9wcm9kLWNhd/GFsb2ctbWVkaWEvc2kvMS80REZDMzkwNkFGNzEzOUEzRTQwNzY4OTk/2MUE0OTk3OTdFQzNFNjA4OTBGNkU0MEU3MDJBNTk5MzQxOUM4MUYyLmpwZw.jpg",
        "accessibility": "Steklenica olivnega likerja."
      }
    ],
    "analytics_category": "Food",
    "more_details": "Dodatne podrobnosti o izdelku",
    "won_category_primary": "Svetovi potreb/Vino in žgane pijače/Duhovi/Liker",
    "won_category_primary_path": "0/10/1011/101113",
    "canonical_path": "/p/deluxe-kremni-liker-s-pistacijo/p10082641",
    "canonical_url": "/p/deluxe-kremni-liker-s-pistacijo/p10082641",
    "awards": [],
    "seals": [],
    "ribbons": [],
    "highlighted_seals": 0,
    "lidl_plus": [],
    "regions": [],
    "ians": [
      "193368"
    ],
    "show_brand": true,
    "deal_of_day_active": false,
    "full_title_meta": "DELUXE Kremni liker s pistacijo",
    "lists": [
      4991
    ],
    "preview": false,
    "category_breadcrumbs": [
      {
        "id": "10068374",
        "name": "Hrana in pijača",
        "url": "/c/hrana-in-pijaca/s10068374",
        "hidden": false
      },
      {
        "id": "10071687",
        "name": "Vina in žgane pijače",
        "url": "/h/vina-in-zgane-pijace/h10071687",
        "hidden": false
      }
    ],
    "campaigns": [
      {
        "id": "Current_Sales_Week",
        "name": "Ta teden",
        "url": null,
        "hidden": false
      },
      {
        "id": "10075259",
        "name": "Deluxe - Gurmanski okus poletja",
        "url": "/c/deluxe-gurmanski-okus-poletja/a10075259",
        "hidden": false
      }
    ],
    "world_of_needs_code": "101113",
    "world_of_needs_name": "Liker",
    "world_of_needs_parent": "1011",
    "is_main_category": true,
    "super_categories": [
      {
        "code": "1011",
        "name": "Duhovi",
        "parent": "10"
      },
      {
        "code": "10",
        "name": "Vino in žgane pijače",
        "parent": "0"
      },
      {
        "code": "0",
        "name": "Svetovi potreb",
        "parent": ""
      }
    ],
    "position": 213,
    "tracking_payload": {
      "searchTrackingMasterId": "Product.10082641",
      "searchTrackingTitle": "Kremni+liker+s+pistacijo",
      "searchTrackingPageSize": 100,
      "searchTrackingPage": 3,
      "searchTrackingEvent": "click",
      "list": "search",
      "searchTrackingId": "Product.10082641",
      "searchTrackingOrigPos": 1,
      "searchTrackingPos": 213,
      "searchTrackingOrigPageSize": 100,
      "searchTrackingChannel": "SI",
      "category": "Food"
    }
  },
  {
    "code": "10082643",
    "name": "Čokoladni „soufflé“",
    "url": "",
    "result_class": "product",
    "type": "product",
    "product_id": 10082643,
    "erp_number": "10082643",
    "item_id": 10082643,
    "full_title": "DELUXE Čokoladni „soufflé“",
    "title": "Čokoladni „soufflé“",
    "category": "Food",
    "product_type": "RETAIL",
    "age_restriction": false,
    "is_used_product": false,
    "multipack": false,
    "online": false,
    "store": false,
    "quick_add_to_cart": false,
    "flash_sales": false,
    "having_videos": false,
    "having_threesixty": false,
    "price": 2.49,
    "old_price": 0.0,
    "currency_code": "EUR",
    "currency_symbol": "€",
    "has_star": true,
    "has_vat": false,
    "price_theme": "white_red",
    "variants_have_different_prices": false,
    "base_price_text": "1 kg = 12.45",
    "base_price_prefix": false,
    "packaging_text": "200 g (2 x 100 g)",
    "discount_deleted_price": null,
    "discount_text": null,
    "discount_percentage": null,
    "discount_has_star": null,
    "show_discount": null,
    "show_percentage": null,
    "from_recommended_price": null,
    "availability_indicator": 0,
    "online_available": false,
    "min_orderable_quantity": 1,
    "orderable_quantities": [],
    "badge_texts": [
      "od 10.07. v trgovini"
    ],
    "badge_types": [
      "IN_STORE_FROM_DATE_FUTURE"
    ],
    "main_image": "https://imgproxy-retcat.assets.schwarz/VOzxJ8ksdfl7OtuNcihmAPB5TKKhcUDwV2Sgxmub4YY/sm:1/w:427/h:320/cz/M6Ly9wcm9kLWNhd/GFsb2ctbWVkaWEvc2kvMS85RDlBQTg1QjVBN0VCOUJBREM3OTZGQ0E/3MkY2NTI1RjBBNTE3NjREOTYwQ0YxNTc4Q0NFQ0ZBNDZENjc2MTBDLmpwZw.jpg",
    "image_list": [
      "https://imgproxy-retcat.assets.schwarz/VOzxJ8ksdfl7OtuNcihmAPB5TKKhcUDwV2Sgxmub4YY/sm:1/w:427/h:320/cz/M6Ly9wcm9kLWNhd/GFsb2ctbWVkaWEvc2kvMS85RDlBQTg1QjVBN0VCOUJBREM3OTZGQ0E/3MkY2NTI1RjBBNTE3NjREOTYwQ0YxNTc4Q0NFQ0ZBNDZENjc2MTBDLmpwZw.jpg",
      "https://imgproxy-retcat.assets.schwarz/qJWwyW6d3-64TfcFIKMN0CenQTgIXJ1Rny8BQEIlAao/sm:1/w:427/h:320/cz/M6Ly9wcm9kLWNhd/GFsb2ctbWVkaWEvc2kvMS9CNTNBNDMzMkYxNUQxRjY4NUU2RjA1M0I/zQzdCMUM4MDFGQUYwOTgyNUI3MDkyNjYwQzZEMkUyMUM2RTQyNTM0LmpwZw.jpg",
      "https://imgproxy-retcat.assets.schwarz/D35qd7aJRem3zcpnrVmCT9CQpcTOcxlI5SkKGmzV2qU/sm:1/w:427/h:320/cz/M6Ly9wcm9kLWNhd/GFsb2ctbWVkaWEvc2kvMS8xQUEyNzFCOURGQjI0REIwQ0ZEMEIyN0Q/1OUQ3RjQ4NkIzQTVGQUQxNTQ2OTA4ODFCNzM1MENEOEI4NjUyMUM0LmpwZw.jpg"
    ],
    "image_accessibility": "Dve škatli Deliceovih souffléjev: bela čokolada in pistacija.",
    "detailed_images": [
      {
        "url": "https://imgproxy-retcat.assets.schwarz/VOzxJ8ksdfl7OtuNcihmAPB5TKKhcUDwV2Sgxmub4YY/sm:1/w:427/h:320/cz/M6Ly9wcm9kLWNhd/GFsb2ctbWVkaWEvc2kvMS85RDlBQTg1QjVBN0VCOUJBREM3OTZGQ0E/3MkY2NTI1RjBBNTE3NjREOTYwQ0YxNTc4Q0NFQ0ZBNDZENjc2MTBDLmpwZw.jpg",
        "accessibility": "Dve škatli Deliceovih souffléjev: bela čokolada in pistacija."
      },
      {
        "url": "https://imgproxy-retcat.assets.schwarz/qJWwyW6d3-64TfcFIKMN0CenQTgIXJ1Rny8BQEIlAao/sm:1/w:427/h:320/cz/M6Ly9wcm9kLWNhd/GFsb2ctbWVkaWEvc2kvMS9CNTNBNDMzMkYxNUQxRjY4NUU2RjA1M0I/zQzdCMUM4MDFGQUYwOTgyNUI3MDkyNjYwQzZEMkUyMUM2RTQyNTM0LmpwZw.jpg",
        "accessibility": "Deliceov pistacijev sufle s kremo in pistacijami."
      },
      {
        "url": "https://imgproxy-retcat.assets.schwarz/D35qd7aJRem3zcpnrVmCT9CQpcTOcxlI5SkKGmzV2qU/sm:1/w:427/h:320/cz/M6Ly9wcm9kLWNhd/GFsb2ctbWVkaWEvc2kvMS8xQUEyNzFCOURGQjI0REIwQ0ZEMEIyN0Q/1OUQ3RjQ4NkIzQTVGQUQxNTQ2OTA4ODFCNzM1MENEOEI4NjUyMUM0LmpwZw.jpg",
        "accessibility": "Delova embalaža s tremi belimi čokoladnimi sufleji."
      }
    ],
    "analytics_category": "Food",
    "more_details": "Dodatne podrobnosti o izdelku",
    "won_category_primary": "Svetovi potreb/Hrana in bližnja hrana/Prigrizki in slaščice",
    "won_category_primary_path": "0/17/1721",
    "canonical_path": "/p/deluxe-cokoladni-souffle/p10082643",
    "canonical_url": "/p/deluxe-cokoladni-souffle/p10082643",
    "awards": [],
    "seals": [
      {
        "altText": "Znak: Zamrznjeno",
        "image": "https://imgproxy-retcat.assets.schwarz/ayWyw20LfIYJzOhoc4KvR8G0z3S3CSGFD0vHUIK3dgY/sm:1/w:140/cz/M6Ly9wcm9kLWNhd/GFsb2ctbWVkaWEvc2kvMi81NkZCNjYzMzA5NkRFMERFNzUzNEI1ODY/xRDQ4Q0MxRTkxQkUzNUMxOTBGNTAyMURGMjJGODEyQzk0ODhCNTYwLnBuZw.png"
      }
    ],
    "ribbons": [],
    "highlighted_seals": 0,
    "lidl_plus": [],
    "regions": [],
    "ians": [
      "6008861"
    ],
    "show_brand": true,
    "deal_of_day_active": false,
    "full_title_meta": "DELUXE Čokoladni „soufflé“",
    "lists": [
      4991
    ],
    "preview": false,
    "category_breadcrumbs": [
      {
        "id": "10068374",
        "name": "Hrana in pijača",
        "url": "/c/hrana-in-pijaca/s10068374",
        "hidden": false
      },
      {
        "id": "10071044",
        "name": "Prigrizki in sladkarije",
        "url": "/h/prigrizki-in-sladkarije/h10071044",
        "hidden": false
      }
    ],
    "campaigns": [
      {
        "id": "Current_Sales_Week",
        "name": "Ta teden",
        "url": null,
        "hidden": false
      },
      {
        "id": "10075259",
        "name": "Deluxe - Gurmanski okus poletja",
        "url": "/c/deluxe-gurmanski-okus-poletja/a10075259",
        "hidden": false
      }
    ],
    "world_of_needs_code": "1721",
    "world_of_needs_name": "Prigrizki in slaščice",
    "world_of_needs_parent": "17",
    "is_main_category": true,
    "super_categories": [
      {
        "code": "17",
        "name": "Hrana in bližnja hrana",
        "parent": "0"
      },
      {
        "code": "0",
        "name": "Svetovi potreb",
        "parent": ""
      }
    ],
    "position": 214,
    "tracking_payload": {
      "searchTrackingMasterId": "Product.10082643",
      "searchTrackingTitle": "%C4%8Cokoladni+%E2%80%9Esouffl%C3%A9%E2%80%9C",
      "searchTrackingPageSize": 100,
      "searchTrackingPage": 3,
      "searchTrackingEvent": "click",
      "list": "search",
      "searchTrackingId": "Product.10082643",
      "searchTrackingOrigPos": 1,
      "searchTrackingPos": 214,
      "searchTrackingOrigPageSize": 100,
      "searchTrackingChannel": "SI",
      "category": "Food"
    }
  },
  {
    "code": "10082645",
    "name": "Tiramisu s pistacijo",
    "url": "",
    "result_class": "product",
    "type": "product",
    "product_id": 10082645,
    "erp_number": "10082645",
    "item_id": 10082645,
    "full_title": "DELUXE Tiramisu s pistacijo",
    "title": "Tiramisu s pistacijo",
    "category": "Food",
    "product_type": "RETAIL",
    "age_restriction": false,
    "is_used_product": false,
    "multipack": false,
    "online": false,
    "store": false,
    "quick_add_to_cart": false,
    "flash_sales": false,
    "having_videos": false,
    "having_threesixty": false,
    "price": 1.29,
    "old_price": 0.0,
    "currency_code": "EUR",
    "currency_symbol": "€",
    "has_star": true,
    "has_vat": false,
    "price_theme": "white_red",
    "variants_have_different_prices": false,
    "base_price_text": "1 kg = 19.85",
    "base_price_prefix": false,
    "packaging_text": "65 g",
    "discount_deleted_price": null,
    "discount_text": null,
    "discount_percentage": null,
    "discount_has_star": null,
    "show_discount": null,
    "show_percentage": null,
    "from_recommended_price": null,
    "availability_indicator": 0,
    "online_available": false,
    "min_orderable_quantity": 1,
    "orderable_quantities": [],
    "badge_texts": [
      "od 10.07. v trgovini"
    ],
    "badge_types": [
      "IN_STORE_FROM_DATE_FUTURE"
    ],
    "main_image": "https://imgproxy-retcat.assets.schwarz/tz_QKZllZq_lzEdnm6-OQCrNQeAD6C2zql1l8_Eb0W0/sm:1/w:427/h:320/cz/M6Ly9wcm9kLWNhd/GFsb2ctbWVkaWEvc2kvMS8xQkRBQTAwNTA3QTQ1NzUwQkE3MENFRkN/ENUJGNUY3QkQ0RTM1MjBFOTMxOEFEMzA3MDg5QzgzQTlDNzM0Nzg0LmpwZw.jpg",
    "image_list": [
      "https://imgproxy-retcat.assets.schwarz/tz_QKZllZq_lzEdnm6-OQCrNQeAD6C2zql1l8_Eb0W0/sm:1/w:427/h:320/cz/M6Ly9wcm9kLWNhd/GFsb2ctbWVkaWEvc2kvMS8xQkRBQTAwNTA3QTQ1NzUwQkE3MENFRkN/ENUJGNUY3QkQ0RTM1MjBFOTMxOEFEMzA3MDg5QzgzQTlDNzM0Nzg0LmpwZw.jpg"
    ],
    "image_accessibility": "Deliceova tiramisu palčka s pistacijami.",
    "detailed_images": [
      {
        "url": "https://imgproxy-retcat.assets.schwarz/tz_QKZllZq_lzEdnm6-OQCrNQeAD6C2zql1l8_Eb0W0/sm:1/w:427/h:320/cz/M6Ly9wcm9kLWNhd/GFsb2ctbWVkaWEvc2kvMS8xQkRBQTAwNTA3QTQ1NzUwQkE3MENFRkN/ENUJGNUY3QkQ0RTM1MjBFOTMxOEFEMzA3MDg5QzgzQTlDNzM0Nzg0LmpwZw.jpg",
        "accessibility": "Deliceova tiramisu palčka s pistacijami."
      }
    ],
    "analytics_category": "Food",
    "more_details": "Dodatne podrobnosti o izdelku",
    "won_category_primary": "Svetovi potreb/Hrana in bližnja hrana/Prigrizki in slaščice",
    "won_category_primary_path": "0/17/1721",
    "canonical_path": "/p/deluxe-tiramisu-s-pistacijo/p10082645",
    "canonical_url": "/p/deluxe-tiramisu-s-pistacijo/p10082645",
    "awards": [],
    "seals": [
      {
        "altText": "Nalepka: NOVO!",
        "image": "https://imgproxy-retcat.assets.schwarz/gW7U9oAMEinoB9aSfR-kefCuzYAnn4a_JeAvwiBZ8jM/sm:1/w:140/cz/M6Ly9wcm9kLWNhd/GFsb2ctbWVkaWEvc2kvMi8xMzJDOEE4QTc5MEM1OUI0Q0UxNUQ5OUV/GRjE1MTJBOThEN0JEOEI5NEU0MzkzRkRGQjk3Q0NCOUE5MjIxODNCLnBuZw.png"
      },
      {
        "altText": "Znak: Zamrznjeno",
        "image": "https://imgproxy-retcat.assets.schwarz/ayWyw20LfIYJzOhoc4KvR8G0z3S3CSGFD0vHUIK3dgY/sm:1/w:140/cz/M6Ly9wcm9kLWNhd/GFsb2ctbWVkaWEvc2kvMi81NkZCNjYzMzA5NkRFMERFNzUzNEI1ODY/xRDQ4Q0MxRTkxQkUzNUMxOTBGNTAyMURGMjJGODEyQzk0ODhCNTYwLnBuZw.png"
      }
    ],
    "ribbons": [],
    "highlighted_seals": 0,
    "lidl_plus": [],
    "regions": [],
    "ians": [
      "6017232"
    ],
    "show_brand": true,
    "deal_of_day_active": false,
    "full_title_meta": "DELUXE Tiramisu s pistacijo",
    "lists": [
      4991
    ],
    "preview": false,
    "category_breadcrumbs": [
      {
        "id": "10068374",
        "name": "Hrana in pijača",
        "url": "/c/hrana-in-pijaca/s10068374",
        "hidden": false
      },
      {
        "id": "10071044",
        "name": "Prigrizki in sladkarije",
        "url": "/h/prigrizki-in-sladkarije/h10071044",
        "hidden": false
      }
    ],
    "campaigns": [
      {
        "id": "Current_Sales_Week",
        "name": "Ta teden",
        "url": null,
        "hidden": false
      },
      {
        "id": "10075259",
        "name": "Deluxe - Gurmanski okus poletja",
        "url": "/c/deluxe-gurmanski-okus-poletja/a10075259",
        "hidden": false
      }
    ],
    "world_of_needs_code": "1721",
    "world_of_needs_name": "Prigrizki in slaščice",
    "world_of_needs_parent": "17",
    "is_main_category": true,
    "super_categories": [
      {
        "code": "17",
        "name": "Hrana in bližnja hrana",
        "parent": "0"
      },
      {
        "code": "0",
        "name": "Svetovi potreb",
        "parent": ""
      }
    ],
    "position": 215,
    "tracking_payload": {
      "searchTrackingMasterId": "Product.10082645",
      "searchTrackingTitle": "Tiramisu+s+pistacijo",
      "searchTrackingPageSize": 100,
      "searchTrackingPage": 3,
      "searchTrackingEvent": "click",
      "list": "search",
      "searchTrackingId": "Product.10082645",
      "searchTrackingOrigPos": 1,
      "searchTrackingPos": 215,
      "searchTrackingOrigPageSize": 100,
      "searchTrackingChannel": "SI",
      "category": "Food"
    }
  },
  {
    "code": "10082647",
    "name": "Obroč iz repkov kozic",
    "url": "",
    "result_class": "product",
    "type": "product",
    "product_id": 10082647,
    "erp_number": "10082647",
    "item_id": 10082647,
    "full_title": "DELUXE Obroč iz repkov kozic",
    "title": "Obroč iz repkov kozic",
    "category": "Food",
    "product_type": "RETAIL",
    "age_restriction": false,
    "is_used_product": false,
    "multipack": false,
    "online": false,
    "store": false,
    "quick_add_to_cart": false,
    "flash_sales": false,
    "having_videos": false,
    "having_threesixty": false,
    "price": 5.99,
    "old_price": 0.0,
    "currency_code": "EUR",
    "currency_symbol": "€",
    "has_star": true,
    "has_vat": false,
    "price_theme": "white_red",
    "variants_have_different_prices": false,
    "base_price_text": "1 kg = 19.97",
    "base_price_prefix": false,
    "packaging_text": "300 g",
    "discount_deleted_price": null,
    "discount_text": null,
    "discount_percentage": null,
    "discount_has_star": null,
    "show_discount": null,
    "show_percentage": null,
    "from_recommended_price": null,
    "availability_indicator": 0,
    "online_available": false,
    "min_orderable_quantity": 1,
    "orderable_quantities": [],
    "badge_texts": [
      "od 10.07. v trgovini"
    ],
    "badge_types": [
      "IN_STORE_FROM_DATE_FUTURE"
    ],
    "main_image": "https://imgproxy-retcat.assets.schwarz/JQzeLNqv0Qo03_3M0Kk-0wFBhYUeHDh-YJERfP7YbLs/sm:1/w:427/h:320/cz/M6Ly9wcm9kLWNhd/GFsb2ctbWVkaWEvc2kvMS9DNEQ1ODY5NjZGMzMxNDE5QzE3NzZBNjk/4RUNCOTUxRkIzNUUzMkNGQUQ1MUZBNDJGRjA2RkFDQ0E0Q0EzRjExLmpwZw.jpg",
    "image_list": [
      "https://imgproxy-retcat.assets.schwarz/JQzeLNqv0Qo03_3M0Kk-0wFBhYUeHDh-YJERfP7YbLs/sm:1/w:427/h:320/cz/M6Ly9wcm9kLWNhd/GFsb2ctbWVkaWEvc2kvMS9DNEQ1ODY5NjZGMzMxNDE5QzE3NzZBNjk/4RUNCOTUxRkIzNUUzMkNGQUQ1MUZBNDJGRjA2RkFDQ0E0Q0EzRjExLmpwZw.jpg",
      "https://imgproxy-retcat.assets.schwarz/ND03RxZJJWDiLG73RNf-X7xK_N9t96puMEjkyxX1MGY/sm:1/w:427/h:320/cz/M6Ly9wcm9kLWNhd/GFsb2ctbWVkaWEvc2kvMS84MjE2OEM3NkZGNkFBQTJBNEMxMjQ0M0N/FQTUzNjBCQTYzM0FDNzlEMEY3NTVGRUZERDgwOEYzQkQ2NTBFMkNBLmpwZw.jpg",
      "https://imgproxy-retcat.assets.schwarz/CbK4yaT6Wp0i_EzZlC3X93dkLNmpJ-Lp2wxHiODiY08/sm:1/w:427/h:320/cz/M6Ly9wcm9kLWNhd/GFsb2ctbWVkaWEvc2kvMS8wQTA3NzE4RjJENkVGMUM5OUQ1NTQ2QzE/wRjU4MUU0MEJGRUM4REM5NDJGQUNFNzYzRkEyODQ3OTNGOTk2RTMwLmpwZw.jpg"
    ],
    "image_accessibility": "Dve škatli zamrznjenih kozjih obrokov LÄDERBERG s prilogama.",
    "detailed_images": [
      {
        "url": "https://imgproxy-retcat.assets.schwarz/JQzeLNqv0Qo03_3M0Kk-0wFBhYUeHDh-YJERfP7YbLs/sm:1/w:427/h:320/cz/M6Ly9wcm9kLWNhd/GFsb2ctbWVkaWEvc2kvMS9DNEQ1ODY5NjZGMzMxNDE5QzE3NzZBNjk/4RUNCOTUxRkIzNUUzMkNGQUQ1MUZBNDJGRjA2RkFDQ0E0Q0EzRjExLmpwZw.jpg",
        "accessibility": "Dve škatli zamrznjenih kozjih obrokov LÄDERBERG s prilogama."
      },
      {
        "url": "https://imgproxy-retcat.assets.schwarz/ND03RxZJJWDiLG73RNf-X7xK_N9t96puMEjkyxX1MGY/sm:1/w:427/h:320/cz/M6Ly9wcm9kLWNhd/GFsb2ctbWVkaWEvc2kvMS84MjE2OEM3NkZGNkFBQTJBNEMxMjQ0M0N/FQTUzNjBCQTYzM0FDNzlEMEY3NTVGRUZERDgwOEYzQkQ2NTBFMkNBLmpwZw.jpg",
        "accessibility": "Pakiranje zamrznjenih kozjih obrokov Delisse s čili omako."
      },
      {
        "url": "https://imgproxy-retcat.assets.schwarz/CbK4yaT6Wp0i_EzZlC3X93dkLNmpJ-Lp2wxHiODiY08/sm:1/w:427/h:320/cz/M6Ly9wcm9kLWNhd/GFsb2ctbWVkaWEvc2kvMS8wQTA3NzE4RjJENkVGMUM5OUQ1NTQ2QzE/wRjU4MUU0MEJGRUM4REM5NDJGQUNFNzYzRkEyODQ3OTNGOTk2RTMwLmpwZw.jpg",
        "accessibility": "Pakiranje Delisse kozjih sirov s prilogo."
      }
    ],
    "analytics_category": "Food",
    "more_details": "Dodatne podrobnosti o izdelku",
    "won_category_primary": "Svetovi potreb/Hrana in bližnja hrana/Sir in mlečni izdelki (vključno z maslom in sirom)",
    "won_category_primary_path": "0/17/1718",
    "canonical_path": "/p/deluxe-obroc-iz-repkov-kozic/p10082647",
    "canonical_url": "/p/deluxe-obroc-iz-repkov-kozic/p10082647",
    "awards": [],
    "seals": [
      {
        "altText": "Znak: Zamrznjeno",
        "image": "https://imgproxy-retcat.assets.schwarz/ayWyw20LfIYJzOhoc4KvR8G0z3S3CSGFD0vHUIK3dgY/sm:1/w:140/cz/M6Ly9wcm9kLWNhd/GFsb2ctbWVkaWEvc2kvMi81NkZCNjYzMzA5NkRFMERFNzUzNEI1ODY/xRDQ4Q0MxRTkxQkUzNUMxOTBGNTAyMURGMjJGODEyQzk0ODhCNTYwLnBuZw.png"
      }
    ],
    "ribbons": [],
    "highlighted_seals": 0,
    "lidl_plus": [],
    "regions": [],
    "ians": [
      "148090"
    ],
    "show_brand": true,
    "deal_of_day_active": false,
    "full_title_meta": "DELUXE Obroč iz repkov kozic",
    "lists": [
      4991
    ],
    "preview": false,
    "category_breadcrumbs": [
      {
        "id": "10068374",
        "name": "Hrana in pijača",
        "url": "/c/hrana-in-pijaca/s10068374",
        "hidden": false
      },
      {
        "id": "10071017",
        "name": " Sir &  Mlečni izdelki",
        "url": "/h/sir-mlecni-izdelki/h10071017",
        "hidden": false
      }
    ],
    "campaigns": [
      {
        "id": "Current_Sales_Week",
        "name": "Ta teden",
        "url": null,
        "hidden": false
      },
      {
        "id": "10075259",
        "name": "Deluxe - Gurmanski okus poletja",
        "url": "/c/deluxe-gurmanski-okus-poletja/a10075259",
        "hidden": false
      }
    ],
    "world_of_needs_code": "1718",
    "world_of_needs_name": "Sir in mlečni izdelki (vključno z maslom in sirom)",
    "world_of_needs_parent": "17",
    "is_main_category": true,
    "super_categories": [
      {
        "code": "17",
        "name": "Hrana in bližnja hrana",
        "parent": "0"
      },
      {
        "code": "0",
        "name": "Svetovi potreb",
        "parent": ""
      }
    ],
    "position": 216,
    "tracking_payload": {
      "searchTrackingMasterId": "Product.10082647",
      "searchTrackingTitle": "Obro%C4%8D+iz+repkov+kozic",
      "searchTrackingPageSize": 100,
      "searchTrackingPage": 3,
      "searchTrackingEvent": "click",
      "list": "search",
      "searchTrackingId": "Product.10082647",
      "searchTrackingOrigPos": 1,
      "searchTrackingPos": 216,
      "searchTrackingOrigPageSize": 100,
      "searchTrackingChannel": "SI",
      "category": "Food"
    }
  },
  {
    "code": "10082649",
    "name": "Mehki sir „Crémeux de Normandie“",
    "url": "",
    "result_class": "product",
    "type": "product",
    "product_id": 10082649,
    "erp_number": "10082649",
    "item_id": 10082649,
    "full_title": "DELUXE Mehki sir „Crémeux de Normandie“",
    "title": "Mehki sir „Crémeux de Normandie“",
    "category": "Food",
    "product_type": "RETAIL",
    "age_restriction": false,
    "is_used_product": false,
    "multipack": false,
    "online": false,
    "store": false,
    "quick_add_to_cart": false,
    "flash_sales": false,
    "having_videos": false,
    "having_threesixty": false,
    "price": 2.49,
    "old_price": 0.0,
    "currency_code": "EUR",
    "currency_symbol": "€",
    "has_star": true,
    "has_vat": false,
    "price_theme": "white_red",
    "variants_have_different_prices": false,
    "base_price_text": "1 kg = 16.60",
    "base_price_prefix": false,
    "packaging_text": "150 g",
    "discount_deleted_price": null,
    "discount_text": null,
    "discount_percentage": null,
    "discount_has_star": null,
    "show_discount": null,
    "show_percentage": null,
    "from_recommended_price": null,
    "availability_indicator": 0,
    "online_available": false,
    "min_orderable_quantity": 1,
    "orderable_quantities": [],
    "badge_texts": [
      "od 10.07. v trgovini"
    ],
    "badge_types": [
      "IN_STORE_FROM_DATE_FUTURE"
    ],
    "main_image": "https://imgproxy-retcat.assets.schwarz/XBJMJgwEjLPL41knjSdEEBs736JXNKQ_OuFKwcHKvVM/sm:1/w:427/h:320/cz/M6Ly9wcm9kLWNhd/GFsb2ctbWVkaWEvc2kvMS9BODk2MjBBMjZBNDBFNzc2RTlGRUQ1NTQ/xNkNFQTJDOUNDMEIwRjJBMDA2MUVGNEFGNkMwOTFBODE4QjkyMjE0LmpwZw.jpg",
    "image_list": [
      "https://imgproxy-retcat.assets.schwarz/XBJMJgwEjLPL41knjSdEEBs736JXNKQ_OuFKwcHKvVM/sm:1/w:427/h:320/cz/M6Ly9wcm9kLWNhd/GFsb2ctbWVkaWEvc2kvMS9BODk2MjBBMjZBNDBFNzc2RTlGRUQ1NTQ/xNkNFQTJDOUNDMEIwRjJBMDA2MUVGNEFGNkMwOTFBODE4QjkyMjE0LmpwZw.jpg"
    ],
    "image_accessibility": "Delacre Crèmeux de Normandie sir, 150g.",
    "detailed_images": [
      {
        "url": "https://imgproxy-retcat.assets.schwarz/XBJMJgwEjLPL41knjSdEEBs736JXNKQ_OuFKwcHKvVM/sm:1/w:427/h:320/cz/M6Ly9wcm9kLWNhd/GFsb2ctbWVkaWEvc2kvMS9BODk2MjBBMjZBNDBFNzc2RTlGRUQ1NTQ/xNkNFQTJDOUNDMEIwRjJBMDA2MUVGNEFGNkMwOTFBODE4QjkyMjE0LmpwZw.jpg",
        "accessibility": "Delacre Crèmeux de Normandie sir, 150g."
      }
    ],
    "analytics_category": "Food",
    "more_details": "Dodatne podrobnosti o izdelku",
    "won_category_primary": "Svetovi potreb/Hrana in bližnja hrana/Sir in mlečni izdelki (vključno z maslom in sirom)",
    "won_category_primary_path": "0/17/1718",
    "canonical_path": "/p/deluxe-mehki-sir-cremeux-de-normandie/p10082649",
    "canonical_url": "/p/deluxe-mehki-sir-cremeux-de-normandie/p10082649",
    "awards": [],
    "seals": [
      {
        "altText": "Nalepka: Hlajeno",
        "image": "https://imgproxy-retcat.assets.schwarz/7x3Iby7aD19hFySDnP2YoXt7E1r0JrvJVj0QO1gUOes/sm:1/w:140/cz/M6Ly9wcm9kLWNhd/GFsb2ctbWVkaWEvc2kvMi8xMzFBN0E2RDlCREZGREQxOEE2OTFDNEZ/FNDE5RTM0QUMxQjY4OEQ0OUY2QTAxMTRDRjQ1RjdCNTNDRjM2NUJBLnBuZw.png"
      }
    ],
    "ribbons": [],
    "highlighted_seals": 0,
    "lidl_plus": [],
    "regions": [],
    "ians": [
      "88253"
    ],
    "show_brand": true,
    "deal_of_day_active": false,
    "full_title_meta": "DELUXE Mehki sir „Crémeux de Normandie“",
    "lists": [
      4991
    ],
    "preview": false,
    "category_breadcrumbs": [
      {
        "id": "10068374",
        "name": "Hrana in pijača",
        "url": "/c/hrana-in-pijaca/s10068374",
        "hidden": false
      },
      {
        "id": "10071017",
        "name": " Sir &  Mlečni izdelki",
        "url": "/h/sir-mlecni-izdelki/h10071017",
        "hidden": false
      }
    ],
    "campaigns": [
      {
        "id": "Current_Sales_Week",
        "name": "Ta teden",
        "url": null,
        "hidden": false
      },
      {
        "id": "10075259",
        "name": "Deluxe - Gurmanski okus poletja",
        "url": "/c/deluxe-gurmanski-okus-poletja/a10075259",
        "hidden": false
      }
    ],
    "world_of_needs_code": "1718",
    "world_of_needs_name": "Sir in mlečni izdelki (vključno z maslom in sirom)",
    "world_of_needs_parent": "17",
    "is_main_category": true,
    "super_categories": [
      {
        "code": "17",
        "name": "Hrana in bližnja hrana",
        "parent": "0"
      },
      {
        "code": "0",
        "name": "Svetovi potreb",
        "parent": ""
      }
    ],
    "position": 217,
    "tracking_payload": {
      "searchTrackingMasterId": "Product.10082649",
      "searchTrackingTitle": "Mehki+sir+%E2%80%9ECr%C3%A9meux+de+Normandie%E2%80%9C",
      "searchTrackingPageSize": 100,
      "searchTrackingPage": 3,
      "searchTrackingEvent": "click",
      "list": "search",
      "searchTrackingId": "Product.10082649",
      "searchTrackingOrigPos": 1,
      "searchTrackingPos": 217,
      "searchTrackingOrigPageSize": 100,
      "searchTrackingChannel": "SI",
      "category": "Food"
    }
  },
  {
    "code": "10082651",
    "name": "Lovke hobotnice",
    "url": "",
    "result_class": "product",
    "type": "product",
    "product_id": 10082651,
    "erp_number": "10082651",
    "item_id": 10082651,
    "full_title": "DELUXE Lovke hobotnice",
    "title": "Lovke hobotnice",
    "category": "Food",
    "product_type": "RETAIL",
    "age_restriction": false,
    "is_used_product": false,
    "multipack": false,
    "online": false,
    "store": false,
    "quick_add_to_cart": false,
    "flash_sales": false,
    "having_videos": false,
    "having_threesixty": false,
    "price": 9.99,
    "old_price": 0.0,
    "currency_code": "EUR",
    "currency_symbol": "€",
    "has_star": true,
    "has_vat": false,
    "price_theme": "white_red",
    "variants_have_different_prices": false,
    "base_price_text": "1 kg = 39.96",
    "base_price_prefix": false,
    "packaging_text": "250 g (3 kosi)",
    "discount_deleted_price": null,
    "discount_text": null,
    "discount_percentage": null,
    "discount_has_star": null,
    "show_discount": null,
    "show_percentage": null,
    "from_recommended_price": null,
    "availability_indicator": 0,
    "online_available": false,
    "min_orderable_quantity": 1,
    "orderable_quantities": [],
    "badge_texts": [
      "od 10.07. v trgovini"
    ],
    "badge_types": [
      "IN_STORE_FROM_DATE_FUTURE"
    ],
    "main_image": "https://imgproxy-retcat.assets.schwarz/XGvAah-4Bc7VffK9BUXojnsVC16dfaWjEZFYN32iOvo/sm:1/w:427/h:320/cz/M6Ly9wcm9kLWNhd/GFsb2ctbWVkaWEvc2kvMS8zQUUyMkZCRTc3MENGQTc3QzhFMTc0MUJ/FMzhCNzM0MUI3ODJGOUUxQTk0NDUyNUE3NUJGNUY2RUZFNzIxRkJFLmpwZw.jpg",
    "image_list": [
      "https://imgproxy-retcat.assets.schwarz/XGvAah-4Bc7VffK9BUXojnsVC16dfaWjEZFYN32iOvo/sm:1/w:427/h:320/cz/M6Ly9wcm9kLWNhd/GFsb2ctbWVkaWEvc2kvMS8zQUUyMkZCRTc3MENGQTc3QzhFMTc0MUJ/FMzhCNzM0MUI3ODJGOUUxQTk0NDUyNUE3NUJGNUY2RUZFNzIxRkJFLmpwZw.jpg"
    ],
    "image_accessibility": "Pakirana dimljena hobotnica.",
    "detailed_images": [
      {
        "url": "https://imgproxy-retcat.assets.schwarz/XGvAah-4Bc7VffK9BUXojnsVC16dfaWjEZFYN32iOvo/sm:1/w:427/h:320/cz/M6Ly9wcm9kLWNhd/GFsb2ctbWVkaWEvc2kvMS8zQUUyMkZCRTc3MENGQTc3QzhFMTc0MUJ/FMzhCNzM0MUI3ODJGOUUxQTk0NDUyNUE3NUJGNUY2RUZFNzIxRkJFLmpwZw.jpg",
        "accessibility": "Pakirana dimljena hobotnica."
      }
    ],
    "analytics_category": "Food",
    "more_details": "Dodatne podrobnosti o izdelku",
    "won_category_primary": "Svetovi potreb/Hrana in bližnja hrana/Pripravljene jedi (razen zamrznjene pice itd. in pekovskih izdelkov)",
    "won_category_primary_path": "0/17/1711",
    "canonical_path": "/p/deluxe-lovke-hobotnice/p10082651",
    "canonical_url": "/p/deluxe-lovke-hobotnice/p10082651",
    "awards": [],
    "seals": [
      {
        "altText": "Nalepka: NOVO!",
        "image": "https://imgproxy-retcat.assets.schwarz/gW7U9oAMEinoB9aSfR-kefCuzYAnn4a_JeAvwiBZ8jM/sm:1/w:140/cz/M6Ly9wcm9kLWNhd/GFsb2ctbWVkaWEvc2kvMi8xMzJDOEE4QTc5MEM1OUI0Q0UxNUQ5OUV/GRjE1MTJBOThEN0JEOEI5NEU0MzkzRkRGQjk3Q0NCOUE5MjIxODNCLnBuZw.png"
      },
      {
        "altText": "Nalepka: Hlajeno",
        "image": "https://imgproxy-retcat.assets.schwarz/7x3Iby7aD19hFySDnP2YoXt7E1r0JrvJVj0QO1gUOes/sm:1/w:140/cz/M6Ly9wcm9kLWNhd/GFsb2ctbWVkaWEvc2kvMi8xMzFBN0E2RDlCREZGREQxOEE2OTFDNEZ/FNDE5RTM0QUMxQjY4OEQ0OUY2QTAxMTRDRjQ1RjdCNTNDRjM2NUJBLnBuZw.png"
      }
    ],
    "ribbons": [],
    "highlighted_seals": 0,
    "lidl_plus": [],
    "regions": [],
    "ians": [
      "5714918"
    ],
    "show_brand": true,
    "deal_of_day_active": false,
    "full_title_meta": "DELUXE Lovke hobotnice",
    "lists": [
      4991
    ],
    "preview": false,
    "category_breadcrumbs": [
      {
        "id": "10068374",
        "name": "Hrana in pijača",
        "url": "/c/hrana-in-pijaca/s10068374",
        "hidden": false
      },
      {
        "id": "10071020",
        "name": "Gotove jed",
        "url": "/h/gotove-jed/h10071020",
        "hidden": false
      }
    ],
    "campaigns": [
      {
        "id": "Current_Sales_Week",
        "name": "Ta teden",
        "url": null,
        "hidden": false
      },
      {
        "id": "10075259",
        "name": "Deluxe - Gurmanski okus poletja",
        "url": "/c/deluxe-gurmanski-okus-poletja/a10075259",
        "hidden": false
      }
    ],
    "world_of_needs_code": "1711",
    "world_of_needs_name": "Pripravljene jedi (razen zamrznjene pice itd. in pekovskih izdelkov)",
    "world_of_needs_parent": "17",
    "is_main_category": true,
    "super_categories": [
      {
        "code": "17",
        "name": "Hrana in bližnja hrana",
        "parent": "0"
      },
      {
        "code": "0",
        "name": "Svetovi potreb",
        "parent": ""
      }
    ],
    "position": 218,
    "tracking_payload": {
      "searchTrackingMasterId": "Product.10082651",
      "searchTrackingTitle": "Lovke+hobotnice",
      "searchTrackingPageSize": 100,
      "searchTrackingPage": 3,
      "searchTrackingEvent": "click",
      "list": "search",
      "searchTrackingId": "Product.10082651",
      "searchTrackingOrigPos": 1,
      "searchTrackingPos": 218,
      "searchTrackingOrigPageSize": 100,
      "searchTrackingChannel": "SI",
      "category": "Food"
    }
  },
  {
    "code": "10082653",
    "name": "Avstralski kengurujevi steaki",
    "url": "",
    "result_class": "product",
    "type": "product",
    "product_id": 10082653,
    "erp_number": "10082653",
    "item_id": 10082653,
    "full_title": "DELUXE Avstralski kengurujevi steaki",
    "title": "Avstralski kengurujevi steaki",
    "category": "Food",
    "product_type": "RETAIL",
    "age_restriction": false,
    "is_used_product": false,
    "multipack": false,
    "online": false,
    "store": false,
    "quick_add_to_cart": false,
    "flash_sales": false,
    "having_videos": false,
    "having_threesixty": false,
    "price": 5.99,
    "old_price": 0.0,
    "currency_code": "EUR",
    "currency_symbol": "€",
    "has_star": true,
    "has_vat": false,
    "price_theme": "white_red",
    "variants_have_different_prices": false,
    "base_price_text": "1 kg = 19.97",
    "base_price_prefix": false,
    "packaging_text": "300 g",
    "discount_deleted_price": null,
    "discount_text": null,
    "discount_percentage": null,
    "discount_has_star": null,
    "show_discount": null,
    "show_percentage": null,
    "from_recommended_price": null,
    "availability_indicator": 0,
    "online_available": false,
    "min_orderable_quantity": 1,
    "orderable_quantities": [],
    "badge_texts": [
      "od 10.07. v trgovini"
    ],
    "badge_types": [
      "IN_STORE_FROM_DATE_FUTURE"
    ],
    "main_image": "https://imgproxy-retcat.assets.schwarz/1aYUSpD--URPiyVSQ1uSsD6M2HxQvmcS0tnEBeScKsE/sm:1/w:427/h:320/cz/M6Ly9wcm9kLWNhd/GFsb2ctbWVkaWEvc2kvMS9BMDM5MUM0OTM3RjhBMDQ3RjU3NDcxOEN/FQTdDOTMyODUyREI2QTc2NUU3NDdDOEJGN0VGNzRCMTAzNDNEMTM3LmpwZw.jpg",
    "image_list": [
      "https://imgproxy-retcat.assets.schwarz/1aYUSpD--URPiyVSQ1uSsD6M2HxQvmcS0tnEBeScKsE/sm:1/w:427/h:320/cz/M6Ly9wcm9kLWNhd/GFsb2ctbWVkaWEvc2kvMS9BMDM5MUM0OTM3RjhBMDQ3RjU3NDcxOEN/FQTdDOTMyODUyREI2QTc2NUU3NDdDOEJGN0VGNzRCMTAzNDNEMTM3LmpwZw.jpg"
    ],
    "image_accessibility": "Zamrznjeni steaki avstralskega kenguruja Delissio.",
    "detailed_images": [
      {
        "url": "https://imgproxy-retcat.assets.schwarz/1aYUSpD--URPiyVSQ1uSsD6M2HxQvmcS0tnEBeScKsE/sm:1/w:427/h:320/cz/M6Ly9wcm9kLWNhd/GFsb2ctbWVkaWEvc2kvMS9BMDM5MUM0OTM3RjhBMDQ3RjU3NDcxOEN/FQTdDOTMyODUyREI2QTc2NUU3NDdDOEJGN0VGNzRCMTAzNDNEMTM3LmpwZw.jpg",
        "accessibility": "Zamrznjeni steaki avstralskega kenguruja Delissio."
      }
    ],
    "analytics_category": "Food",
    "more_details": "Dodatne podrobnosti o izdelku",
    "won_category_primary": "Svetovi potreb/Hrana in bližnja hrana/Klobase in meso",
    "won_category_primary_path": "0/17/1717",
    "canonical_path": "/p/deluxe-avstralski-kengurujevi-steaki/p10082653",
    "canonical_url": "/p/deluxe-avstralski-kengurujevi-steaki/p10082653",
    "awards": [],
    "seals": [
      {
        "altText": "Znak: Zamrznjeno",
        "image": "https://imgproxy-retcat.assets.schwarz/ayWyw20LfIYJzOhoc4KvR8G0z3S3CSGFD0vHUIK3dgY/sm:1/w:140/cz/M6Ly9wcm9kLWNhd/GFsb2ctbWVkaWEvc2kvMi81NkZCNjYzMzA5NkRFMERFNzUzNEI1ODY/xRDQ4Q0MxRTkxQkUzNUMxOTBGNTAyMURGMjJGODEyQzk0ODhCNTYwLnBuZw.png"
      }
    ],
    "ribbons": [],
    "highlighted_seals": 0,
    "lidl_plus": [],
    "regions": [],
    "ians": [
      "7701288"
    ],
    "show_brand": true,
    "deal_of_day_active": false,
    "full_title_meta": "DELUXE Avstralski kengurujevi steaki",
    "lists": [
      4991
    ],
    "preview": false,
    "category_breadcrumbs": [
      {
        "id": "10068374",
        "name": "Hrana in pijača",
        "url": "/c/hrana-in-pijaca/s10068374",
        "hidden": false
      },
      {
        "id": "10071016",
        "name": "Meso in mesni izdelki",
        "url": "/h/meso-in-mesni-izdelki/h10071016",
        "hidden": false
      }
    ],
    "campaigns": [
      {
        "id": "Current_Sales_Week",
        "name": "Ta teden",
        "url": null,
        "hidden": false
      },
      {
        "id": "10075259",
        "name": "Deluxe - Gurmanski okus poletja",
        "url": "/c/deluxe-gurmanski-okus-poletja/a10075259",
        "hidden": false
      }
    ],
    "world_of_needs_code": "1717",
    "world_of_needs_name": "Klobase in meso",
    "world_of_needs_parent": "17",
    "is_main_category": true,
    "super_categories": [
      {
        "code": "17",
        "name": "Hrana in bližnja hrana",
        "parent": "0"
      },
      {
        "code": "0",
        "name": "Svetovi potreb",
        "parent": ""
      }
    ],
    "position": 219,
    "tracking_payload": {
      "searchTrackingMasterId": "Product.10082653",
      "searchTrackingTitle": "Avstralski+kengurujevi+steaki",
      "searchTrackingPageSize": 100,
      "searchTrackingPage": 3,
      "searchTrackingEvent": "click",
      "list": "search",
      "searchTrackingId": "Product.10082653",
      "searchTrackingOrigPos": 1,
      "searchTrackingPos": 219,
      "searchTrackingOrigPageSize": 100,
      "searchTrackingChannel": "SI",
      "category": "Food"
    }
  },
  {
    "code": "10082655",
    "name": "Narezek",
    "url": "",
    "result_class": "product",
    "type": "product",
    "product_id": 10082655,
    "erp_number": "10082655",
    "item_id": 10082655,
    "full_title": "DELUXE Narezek",
    "title": "Narezek",
    "category": "Food",
    "product_type": "RETAIL",
    "age_restriction": false,
    "is_used_product": false,
    "multipack": false,
    "online": false,
    "store": false,
    "quick_add_to_cart": false,
    "flash_sales": false,
    "having_videos": false,
    "having_threesixty": false,
    "price": 3.49,
    "old_price": 0.0,
    "currency_code": "EUR",
    "currency_symbol": "€",
    "has_star": true,
    "has_vat": false,
    "price_theme": "white_red",
    "variants_have_different_prices": false,
    "base_price_text": "1 kg = 29.08",
    "base_price_prefix": false,
    "packaging_text": "120 g",
    "discount_deleted_price": null,
    "discount_text": null,
    "discount_percentage": null,
    "discount_has_star": null,
    "show_discount": null,
    "show_percentage": null,
    "from_recommended_price": null,
    "availability_indicator": 0,
    "online_available": false,
    "min_orderable_quantity": 1,
    "orderable_quantities": [],
    "badge_texts": [
      "od 10.07. v trgovini"
    ],
    "badge_types": [
      "IN_STORE_FROM_DATE_FUTURE"
    ],
    "main_image": "https://imgproxy-retcat.assets.schwarz/T-TsucP6wlbuS1upf9QQwWSEO1X_OLvf64GTVFo8L_Y/sm:1/w:427/h:320/cz/M6Ly9wcm9kLWNhd/GFsb2ctbWVkaWEvc2kvMS8xNzc4OEQyRDNGQzRBRDU4QzczMENGNDh/BQUMxNzlDNDI1MDVERjU5MTM4RkFENTNGMEVBQjIwMzZFNjdDMDA1LmpwZw.jpg",
    "image_list": [
      "https://imgproxy-retcat.assets.schwarz/T-TsucP6wlbuS1upf9QQwWSEO1X_OLvf64GTVFo8L_Y/sm:1/w:427/h:320/cz/M6Ly9wcm9kLWNhd/GFsb2ctbWVkaWEvc2kvMS8xNzc4OEQyRDNGQzRBRDU4QzczMENGNDh/BQUMxNzlDNDI1MDVERjU5MTM4RkFENTNGMEVBQjIwMzZFNjdDMDA1LmpwZw.jpg"
    ],
    "image_accessibility": "Paket različnih vrst suhomesnatih izdelkov, vključno s pršutom in salamo.",
    "detailed_images": [
      {
        "url": "https://imgproxy-retcat.assets.schwarz/T-TsucP6wlbuS1upf9QQwWSEO1X_OLvf64GTVFo8L_Y/sm:1/w:427/h:320/cz/M6Ly9wcm9kLWNhd/GFsb2ctbWVkaWEvc2kvMS8xNzc4OEQyRDNGQzRBRDU4QzczMENGNDh/BQUMxNzlDNDI1MDVERjU5MTM4RkFENTNGMEVBQjIwMzZFNjdDMDA1LmpwZw.jpg",
        "accessibility": "Paket različnih vrst suhomesnatih izdelkov, vključno s pršutom in salamo."
      }
    ],
    "analytics_category": "Food",
    "more_details": "Dodatne podrobnosti o izdelku",
    "won_category_primary": "Svetovi potreb/Hrana in bližnja hrana/Jajca in osnovna živila (testenine, moka, stročnice itd.)",
    "won_category_primary_path": "0/17/1715",
    "canonical_path": "/p/deluxe-narezek/p10082655",
    "canonical_url": "/p/deluxe-narezek/p10082655",
    "awards": [],
    "seals": [
      {
        "altText": "Nalepka: Hlajeno",
        "image": "https://imgproxy-retcat.assets.schwarz/7x3Iby7aD19hFySDnP2YoXt7E1r0JrvJVj0QO1gUOes/sm:1/w:140/cz/M6Ly9wcm9kLWNhd/GFsb2ctbWVkaWEvc2kvMi8xMzFBN0E2RDlCREZGREQxOEE2OTFDNEZ/FNDE5RTM0QUMxQjY4OEQ0OUY2QTAxMTRDRjQ1RjdCNTNDRjM2NUJBLnBuZw.png"
      }
    ],
    "ribbons": [],
    "highlighted_seals": 0,
    "lidl_plus": [],
    "regions": [],
    "ians": [
      "149339"
    ],
    "show_brand": true,
    "deal_of_day_active": false,
    "full_title_meta": "DELUXE Narezek",
    "lists": [
      4991
    ],
    "preview": false,
    "category_breadcrumbs": [
      {
        "id": "10068374",
        "name": "Hrana in pijača",
        "url": "/c/hrana-in-pijaca/s10068374",
        "hidden": false
      },
      {
        "id": "10071045",
        "name": "Jajca in osnovna živila",
        "url": "/h/jajca-in-osnovna-zivila/h10071045",
        "hidden": false
      }
    ],
    "campaigns": [
      {
        "id": "Current_Sales_Week",
        "name": "Ta teden",
        "url": null,
        "hidden": false
      },
      {
        "id": "10075259",
        "name": "Deluxe - Gurmanski okus poletja",
        "url": "/c/deluxe-gurmanski-okus-poletja/a10075259",
        "hidden": false
      }
    ],
    "world_of_needs_code": "1715",
    "world_of_needs_name": "Jajca in osnovna živila (testenine, moka, stročnice itd.)",
    "world_of_needs_parent": "17",
    "is_main_category": true,
    "super_categories": [
      {
        "code": "17",
        "name": "Hrana in bližnja hrana",
        "parent": "0"
      },
      {
        "code": "0",
        "name": "Svetovi potreb",
        "parent": ""
      }
    ],
    "position": 220,
    "tracking_payload": {
      "searchTrackingMasterId": "Product.10082655",
      "searchTrackingTitle": "Narezek",
      "searchTrackingPageSize": 100,
      "searchTrackingPage": 3,
      "searchTrackingEvent": "click",
      "list": "search",
      "searchTrackingId": "Product.10082655",
      "searchTrackingOrigPos": 1,
      "searchTrackingPos": 220,
      "searchTrackingOrigPageSize": 100,
      "searchTrackingChannel": "SI",
      "category": "Food"
    }
  },
  {
    "code": "10082657",
    "name": "Irska Angus pečenka s tremi rebri",
    "url": "",
    "result_class": "product",
    "type": "product",
    "product_id": 10082657,
    "erp_number": "10082657",
    "item_id": 10082657,
    "full_title": "DELUXE Irska Angus pečenka s tremi rebri",
    "title": "Irska Angus pečenka s tremi rebri",
    "category": "Food",
    "product_type": "RETAIL",
    "age_restriction": false,
    "is_used_product": false,
    "multipack": false,
    "online": false,
    "store": false,
    "quick_add_to_cart": false,
    "flash_sales": false,
    "having_videos": false,
    "having_threesixty": false,
    "price": 34.99,
    "old_price": 0.0,
    "currency_code": "EUR",
    "currency_symbol": "€",
    "has_star": true,
    "has_vat": false,
    "price_theme": "white_red",
    "variants_have_different_prices": false,
    "base_price_text": "pribl. 2,5 - 3,5 kg",
    "base_price_prefix": false,
    "packaging_text": "za kg",
    "discount_deleted_price": null,
    "discount_text": "ZORJENO 40 DNI",
    "discount_percentage": null,
    "discount_has_star": false,
    "show_discount": false,
    "show_percentage": false,
    "from_recommended_price": false,
    "availability_indicator": 0,
    "online_available": false,
    "min_orderable_quantity": 1,
    "orderable_quantities": [],
    "badge_texts": [
      "od 10.07. v trgovini"
    ],
    "badge_types": [
      "IN_STORE_FROM_DATE_FUTURE"
    ],
    "main_image": "https://imgproxy-retcat.assets.schwarz/xi5IeYkoOk_fbFJ6WG2MkaeQmNs7LC0VdSgP8XUIYFs/sm:1/w:427/h:320/cz/M6Ly9wcm9kLWNhd/GFsb2ctbWVkaWEvc2kvMS84RTdCQzE3RTMxMTI5RUE2QTZEMUFCODM/zRDIyMTBEOTY1NjVEMEFFMzFGQzdDNzA0NzcyMjQ0NjI2MUU4MkQ2LmpwZw.jpg",
    "image_list": [
      "https://imgproxy-retcat.assets.schwarz/xi5IeYkoOk_fbFJ6WG2MkaeQmNs7LC0VdSgP8XUIYFs/sm:1/w:427/h:320/cz/M6Ly9wcm9kLWNhd/GFsb2ctbWVkaWEvc2kvMS84RTdCQzE3RTMxMTI5RUE2QTZEMUFCODM/zRDIyMTBEOTY1NjVEMEFFMzFGQzdDNzA0NzcyMjQ0NjI2MUU4MkQ2LmpwZw.jpg"
    ],
    "image_accessibility": "Pakirana jagnjetina za pečenje, blagovna znamka Argeta.",
    "detailed_images": [
      {
        "url": "https://imgproxy-retcat.assets.schwarz/xi5IeYkoOk_fbFJ6WG2MkaeQmNs7LC0VdSgP8XUIYFs/sm:1/w:427/h:320/cz/M6Ly9wcm9kLWNhd/GFsb2ctbWVkaWEvc2kvMS84RTdCQzE3RTMxMTI5RUE2QTZEMUFCODM/zRDIyMTBEOTY1NjVEMEFFMzFGQzdDNzA0NzcyMjQ0NjI2MUU4MkQ2LmpwZw.jpg",
        "accessibility": "Pakirana jagnjetina za pečenje, blagovna znamka Argeta."
      }
    ],
    "analytics_category": "Food",
    "more_details": "Dodatne podrobnosti o izdelku",
    "won_category_primary": "Svetovi potreb/Hrana in bližnja hrana/Klobase in meso",
    "won_category_primary_path": "0/17/1717",
    "canonical_path": "/p/deluxe-irska-angus-pecenka-s-tremi-rebri/p10082657",
    "canonical_url": "/p/deluxe-irska-angus-pecenka-s-tremi-rebri/p10082657",
    "awards": [],
    "seals": [
      {
        "altText": "Nalepka: Hlajeno",
        "image": "https://imgproxy-retcat.assets.schwarz/7x3Iby7aD19hFySDnP2YoXt7E1r0JrvJVj0QO1gUOes/sm:1/w:140/cz/M6Ly9wcm9kLWNhd/GFsb2ctbWVkaWEvc2kvMi8xMzFBN0E2RDlCREZGREQxOEE2OTFDNEZ/FNDE5RTM0QUMxQjY4OEQ0OUY2QTAxMTRDRjQ1RjdCNTNDRjM2NUJBLnBuZw.png"
      }
    ],
    "ribbons": [],
    "highlighted_seals": 0,
    "lidl_plus": [],
    "regions": [],
    "ians": [
      "5307576"
    ],
    "show_brand": true,
    "deal_of_day_active": false,
    "full_title_meta": "DELUXE Irska Angus pečenka s tremi rebri",
    "lists": [
      4991
    ],
    "preview": false,
    "category_breadcrumbs": [
      {
        "id": "10068374",
        "name": "Hrana in pijača",
        "url": "/c/hrana-in-pijaca/s10068374",
        "hidden": false
      },
      {
        "id": "10071016",
        "name": "Meso in mesni izdelki",
        "url": "/h/meso-in-mesni-izdelki/h10071016",
        "hidden": false
      }
    ],
    "campaigns": [
      {
        "id": "Current_Sales_Week",
        "name": "Ta teden",
        "url": null,
        "hidden": false
      },
      {
        "id": "10075259",
        "name": "Deluxe - Gurmanski okus poletja",
        "url": "/c/deluxe-gurmanski-okus-poletja/a10075259",
        "hidden": false
      }
    ],
    "world_of_needs_code": "1717",
    "world_of_needs_name": "Klobase in meso",
    "world_of_needs_parent": "17",
    "is_main_category": true,
    "super_categories": [
      {
        "code": "17",
        "name": "Hrana in bližnja hrana",
        "parent": "0"
      },
      {
        "code": "0",
        "name": "Svetovi potreb",
        "parent": ""
      }
    ],
    "position": 221,
    "tracking_payload": {
      "searchTrackingMasterId": "Product.10082657",
      "searchTrackingTitle": "Irska+Angus+pe%C4%8Denka+s+tremi+rebri",
      "searchTrackingPageSize": 100,
      "searchTrackingPage": 3,
      "searchTrackingEvent": "click",
      "list": "search",
      "searchTrackingId": "Product.10082657",
      "searchTrackingOrigPos": 1,
      "searchTrackingPos": 221,
      "searchTrackingOrigPageSize": 100,
      "searchTrackingChannel": "SI",
      "category": "Food"
    }
  },
  {
    "code": "10082659",
    "name": "Sladoled s pistacijo",
    "url": "",
    "result_class": "product",
    "type": "product",
    "product_id": 10082659,
    "erp_number": "10082659",
    "item_id": 10082659,
    "full_title": "DELUXE Sladoled s pistacijo",
    "title": "Sladoled s pistacijo",
    "category": "Food",
    "product_type": "RETAIL",
    "age_restriction": false,
    "is_used_product": false,
    "multipack": false,
    "online": false,
    "store": false,
    "quick_add_to_cart": false,
    "flash_sales": false,
    "having_videos": false,
    "having_threesixty": false,
    "price": 1.79,
    "old_price": 0.0,
    "currency_code": "EUR",
    "currency_symbol": "€",
    "has_star": true,
    "has_vat": false,
    "price_theme": "white_red",
    "variants_have_different_prices": false,
    "base_price_text": "1 kg = 8.95",
    "base_price_prefix": false,
    "packaging_text": "200 g",
    "discount_deleted_price": null,
    "discount_text": null,
    "discount_percentage": null,
    "discount_has_star": null,
    "show_discount": null,
    "show_percentage": null,
    "from_recommended_price": null,
    "availability_indicator": 0,
    "online_available": false,
    "min_orderable_quantity": 1,
    "orderable_quantities": [],
    "badge_texts": [
      "od 10.07. v trgovini"
    ],
    "badge_types": [
      "IN_STORE_FROM_DATE_FUTURE"
    ],
    "main_image": "https://imgproxy-retcat.assets.schwarz/y3Y3Y9F_lFdvyxbR2f-aUa_CsIki5-g0FClfYakpYFY/sm:1/w:427/h:320/cz/M6Ly9wcm9kLWNhd/GFsb2ctbWVkaWEvc2kvMS80OUJCNzhFRUIyQkRBRTYzOUFCMDgxRTd/GODI0RUFCOTc2NjY2QjM4ODZBNDU4ODY3MEM2NTlBMjNBNUM4OTk2LmpwZw.jpg",
    "image_list": [
      "https://imgproxy-retcat.assets.schwarz/y3Y3Y9F_lFdvyxbR2f-aUa_CsIki5-g0FClfYakpYFY/sm:1/w:427/h:320/cz/M6Ly9wcm9kLWNhd/GFsb2ctbWVkaWEvc2kvMS80OUJCNzhFRUIyQkRBRTYzOUFCMDgxRTd/GODI0RUFCOTc2NjY2QjM4ODZBNDU4ODY3MEM2NTlBMjNBNUM4OTk2LmpwZw.jpg"
    ],
    "image_accessibility": "Posoda z ledom Dražice okusa pistacija.",
    "detailed_images": [
      {
        "url": "https://imgproxy-retcat.assets.schwarz/y3Y3Y9F_lFdvyxbR2f-aUa_CsIki5-g0FClfYakpYFY/sm:1/w:427/h:320/cz/M6Ly9wcm9kLWNhd/GFsb2ctbWVkaWEvc2kvMS80OUJCNzhFRUIyQkRBRTYzOUFCMDgxRTd/GODI0RUFCOTc2NjY2QjM4ODZBNDU4ODY3MEM2NTlBMjNBNUM4OTk2LmpwZw.jpg",
        "accessibility": "Posoda z ledom Dražice okusa pistacija."
      }
    ],
    "analytics_category": "Food",
    "more_details": "Dodatne podrobnosti o izdelku",
    "won_category_primary": "Svetovi potreb/Hrana in bližnja hrana/Prigrizki in slaščice",
    "won_category_primary_path": "0/17/1721",
    "canonical_path": "/p/deluxe-sladoled-s-pistacijo/p10082659",
    "canonical_url": "/p/deluxe-sladoled-s-pistacijo/p10082659",
    "awards": [],
    "seals": [
      {
        "altText": "Nalepka: NOVO!",
        "image": "https://imgproxy-retcat.assets.schwarz/gW7U9oAMEinoB9aSfR-kefCuzYAnn4a_JeAvwiBZ8jM/sm:1/w:140/cz/M6Ly9wcm9kLWNhd/GFsb2ctbWVkaWEvc2kvMi8xMzJDOEE4QTc5MEM1OUI0Q0UxNUQ5OUV/GRjE1MTJBOThEN0JEOEI5NEU0MzkzRkRGQjk3Q0NCOUE5MjIxODNCLnBuZw.png"
      }
    ],
    "ribbons": [],
    "highlighted_seals": 0,
    "lidl_plus": [],
    "regions": [],
    "ians": [
      "6017335"
    ],
    "show_brand": true,
    "deal_of_day_active": false,
    "full_title_meta": "DELUXE Sladoled s pistacijo",
    "lists": [
      4991
    ],
    "preview": false,
    "category_breadcrumbs": [
      {
        "id": "10068374",
        "name": "Hrana in pijača",
        "url": "/c/hrana-in-pijaca/s10068374",
        "hidden": false
      },
      {
        "id": "10071044",
        "name": "Prigrizki in sladkarije",
        "url": "/h/prigrizki-in-sladkarije/h10071044",
        "hidden": false
      }
    ],
    "campaigns": [
      {
        "id": "Current_Sales_Week",
        "name": "Ta teden",
        "url": null,
        "hidden": false
      },
      {
        "id": "10075259",
        "name": "Deluxe - Gurmanski okus poletja",
        "url": "/c/deluxe-gurmanski-okus-poletja/a10075259",
        "hidden": false
      }
    ],
    "world_of_needs_code": "1721",
    "world_of_needs_name": "Prigrizki in slaščice",
    "world_of_needs_parent": "17",
    "is_main_category": true,
    "super_categories": [
      {
        "code": "17",
        "name": "Hrana in bližnja hrana",
        "parent": "0"
      },
      {
        "code": "0",
        "name": "Svetovi potreb",
        "parent": ""
      }
    ],
    "position": 222,
    "tracking_payload": {
      "searchTrackingMasterId": "Product.10082659",
      "searchTrackingTitle": "Sladoled+s+pistacijo",
      "searchTrackingPageSize": 100,
      "searchTrackingPage": 3,
      "searchTrackingEvent": "click",
      "list": "search",
      "searchTrackingId": "Product.10082659",
      "searchTrackingOrigPos": 1,
      "searchTrackingPos": 222,
      "searchTrackingOrigPageSize": 100,
      "searchTrackingChannel": "SI",
      "category": "Food"
    }
  },
  {
    "code": "10082661",
    "name": "Norveški losos s pistacijami",
    "url": "",
    "result_class": "product",
    "type": "product",
    "product_id": 10082661,
    "erp_number": "10082661",
    "item_id": 10082661,
    "full_title": "DELUXE Norveški losos s pistacijami",
    "title": "Norveški losos s pistacijami",
    "category": "Food",
    "product_type": "RETAIL",
    "age_restriction": false,
    "is_used_product": false,
    "multipack": false,
    "online": false,
    "store": false,
    "quick_add_to_cart": false,
    "flash_sales": false,
    "having_videos": false,
    "having_threesixty": false,
    "price": 4.29,
    "old_price": 0.0,
    "currency_code": "EUR",
    "currency_symbol": "€",
    "has_star": true,
    "has_vat": false,
    "price_theme": "white_red",
    "variants_have_different_prices": false,
    "base_price_text": "1 kg = 42.90",
    "base_price_prefix": false,
    "packaging_text": "100 g",
    "discount_deleted_price": null,
    "discount_text": null,
    "discount_percentage": null,
    "discount_has_star": null,
    "show_discount": null,
    "show_percentage": null,
    "from_recommended_price": null,
    "availability_indicator": 0,
    "online_available": false,
    "min_orderable_quantity": 1,
    "orderable_quantities": [],
    "badge_texts": [
      "od 10.07. v trgovini"
    ],
    "badge_types": [
      "IN_STORE_FROM_DATE_FUTURE"
    ],
    "main_image": "https://imgproxy-retcat.assets.schwarz/1v_BDqSejSQhOFXLGc1umY1e1uBj5mNb8aOg2r0WkDI/sm:1/w:427/h:320/cz/M6Ly9wcm9kLWNhd/GFsb2ctbWVkaWEvc2kvMS9FMzFDQTAwQzIxRDVEMkREQjgwNzQzMDY/4NzM4OTRFNEMxMzU5RTFGNERDNEU0NDIwRTZCQ0MyN0QzMEFGMzAxLmpwZw.jpg",
    "image_list": [
      "https://imgproxy-retcat.assets.schwarz/1v_BDqSejSQhOFXLGc1umY1e1uBj5mNb8aOg2r0WkDI/sm:1/w:427/h:320/cz/M6Ly9wcm9kLWNhd/GFsb2ctbWVkaWEvc2kvMS9FMzFDQTAwQzIxRDVEMkREQjgwNzQzMDY/4NzM4OTRFNEMxMzU5RTFGNERDNEU0NDIwRTZCQ0MyN0QzMEFGMzAxLmpwZw.jpg"
    ],
    "image_accessibility": "Pakiranje norveškega dimljenega lososa Delov.",
    "detailed_images": [
      {
        "url": "https://imgproxy-retcat.assets.schwarz/1v_BDqSejSQhOFXLGc1umY1e1uBj5mNb8aOg2r0WkDI/sm:1/w:427/h:320/cz/M6Ly9wcm9kLWNhd/GFsb2ctbWVkaWEvc2kvMS9FMzFDQTAwQzIxRDVEMkREQjgwNzQzMDY/4NzM4OTRFNEMxMzU5RTFGNERDNEU0NDIwRTZCQ0MyN0QzMEFGMzAxLmpwZw.jpg",
        "accessibility": "Pakiranje norveškega dimljenega lososa Delov."
      }
    ],
    "analytics_category": "Food",
    "more_details": "Dodatne podrobnosti o izdelku",
    "won_category_primary": "Svetovi potreb/Hrana in bližnja hrana/Ribe in morski sadeži",
    "won_category_primary_path": "0/17/1733",
    "canonical_path": "/p/deluxe-norveski-losos-s-pistacijami/p10082661",
    "canonical_url": "/p/deluxe-norveski-losos-s-pistacijami/p10082661",
    "awards": [],
    "seals": [
      {
        "altText": "ASC certifikat: Odgovorno vzgojeno rib.",
        "image": "https://imgproxy-retcat.assets.schwarz/mE33lUnDl3GDAMzefKgHKNKkUiQnocmb0HAuZKvrENY/sm:1/w:140/cz/M6Ly9wcm9kLWNhd/GFsb2ctbWVkaWEvc2kvMi85OTdCREI0NjUxNDBBQkFENzkyRjU0OTM/3QkVGNjUzOTJFOEFGQzBDN0Q0QjkzMTg5NkYwQUI0QTRFRUJENkY3LnBuZw.png"
      },
      {
        "altText": "Nalepka: Hlajeno",
        "image": "https://imgproxy-retcat.assets.schwarz/7x3Iby7aD19hFySDnP2YoXt7E1r0JrvJVj0QO1gUOes/sm:1/w:140/cz/M6Ly9wcm9kLWNhd/GFsb2ctbWVkaWEvc2kvMi8xMzFBN0E2RDlCREZGREQxOEE2OTFDNEZ/FNDE5RTM0QUMxQjY4OEQ0OUY2QTAxMTRDRjQ1RjdCNTNDRjM2NUJBLnBuZw.png"
      }
    ],
    "ribbons": [],
    "highlighted_seals": 0,
    "lidl_plus": [],
    "regions": [],
    "ians": [
      "6013670"
    ],
    "show_brand": true,
    "deal_of_day_active": false,
    "full_title_meta": "DELUXE Norveški losos s pistacijami",
    "lists": [
      4991
    ],
    "preview": false,
    "category_breadcrumbs": [
      {
        "id": "10068374",
        "name": "Hrana in pijača",
        "url": "/c/hrana-in-pijaca/s10068374",
        "hidden": false
      },
      {
        "id": "10071050",
        "name": "Ribe in morski sadeži",
        "url": "/h/ribe-in-morski-sadezi/h10071050",
        "hidden": false
      }
    ],
    "campaigns": [
      {
        "id": "Current_Sales_Week",
        "name": "Ta teden",
        "url": null,
        "hidden": false
      },
      {
        "id": "10075259",
        "name": "Deluxe - Gurmanski okus poletja",
        "url": "/c/deluxe-gurmanski-okus-poletja/a10075259",
        "hidden": false
      }
    ],
    "world_of_needs_code": "1733",
    "world_of_needs_name": "Ribe in morski sadeži",
    "world_of_needs_parent": "17",
    "is_main_category": true,
    "super_categories": [
      {
        "code": "17",
        "name": "Hrana in bližnja hrana",
        "parent": "0"
      },
      {
        "code": "0",
        "name": "Svetovi potreb",
        "parent": ""
      }
    ],
    "position": 223,
    "tracking_payload": {
      "searchTrackingMasterId": "Product.10082661",
      "searchTrackingTitle": "Norve%C5%A1ki+losos+s+pistacijami",
      "searchTrackingPageSize": 100,
      "searchTrackingPage": 3,
      "searchTrackingEvent": "click",
      "list": "search",
      "searchTrackingId": "Product.10082661",
      "searchTrackingOrigPos": 1,
      "searchTrackingPos": 223,
      "searchTrackingOrigPageSize": 100,
      "searchTrackingChannel": "SI",
      "category": "Food"
    }
  },
  {
    "code": "10082663",
    "name": "Mehki nugat „Torroncini“ s pistacijo",
    "url": "",
    "result_class": "product",
    "type": "product",
    "product_id": 10082663,
    "erp_number": "10082663",
    "item_id": 10082663,
    "full_title": "DELUXE Mehki nugat „Torroncini“ s pistacijo",
    "title": "Mehki nugat „Torroncini“ s pistacijo",
    "category": "Food",
    "product_type": "RETAIL",
    "age_restriction": false,
    "is_used_product": false,
    "multipack": false,
    "online": false,
    "store": false,
    "quick_add_to_cart": false,
    "flash_sales": false,
    "having_videos": false,
    "having_threesixty": false,
    "price": 2.99,
    "old_price": 0.0,
    "currency_code": "EUR",
    "currency_symbol": "€",
    "has_star": true,
    "has_vat": false,
    "price_theme": "white_red",
    "variants_have_different_prices": false,
    "base_price_text": "1 kg = 14.95",
    "base_price_prefix": false,
    "packaging_text": "200 g",
    "discount_deleted_price": null,
    "discount_text": null,
    "discount_percentage": null,
    "discount_has_star": null,
    "show_discount": null,
    "show_percentage": null,
    "from_recommended_price": null,
    "availability_indicator": 0,
    "online_available": false,
    "min_orderable_quantity": 1,
    "orderable_quantities": [],
    "badge_texts": [
      "od 10.07. v trgovini"
    ],
    "badge_types": [
      "IN_STORE_FROM_DATE_FUTURE"
    ],
    "main_image": "https://imgproxy-retcat.assets.schwarz/7ucI7RAXVcA91dKosX0IWhKyHl3pxrzNrSVgCQrBSQU/sm:1/w:427/h:320/cz/M6Ly9wcm9kLWNhd/GFsb2ctbWVkaWEvc2kvMS85NTBCMkI0RjQ1NDNENjgwQjI4QUY2Nzg/xQTUyOEM5MzNDNTE0MTgwRTcxRDE4NkNDRkJFMDIzM0U4OUU4NkVGLmpwZw.jpg",
    "image_list": [
      "https://imgproxy-retcat.assets.schwarz/7ucI7RAXVcA91dKosX0IWhKyHl3pxrzNrSVgCQrBSQU/sm:1/w:427/h:320/cz/M6Ly9wcm9kLWNhd/GFsb2ctbWVkaWEvc2kvMS85NTBCMkI0RjQ1NDNENjgwQjI4QUY2Nzg/xQTUyOEM5MzNDNTE0MTgwRTcxRDE4NkNDRkJFMDIzM0U4OUU4NkVGLmpwZw.jpg"
    ],
    "image_accessibility": "Paket Dorotejevih piškotov z olivami in pistacijami.",
    "detailed_images": [
      {
        "url": "https://imgproxy-retcat.assets.schwarz/7ucI7RAXVcA91dKosX0IWhKyHl3pxrzNrSVgCQrBSQU/sm:1/w:427/h:320/cz/M6Ly9wcm9kLWNhd/GFsb2ctbWVkaWEvc2kvMS85NTBCMkI0RjQ1NDNENjgwQjI4QUY2Nzg/xQTUyOEM5MzNDNTE0MTgwRTcxRDE4NkNDRkJFMDIzM0U4OUU4NkVGLmpwZw.jpg",
        "accessibility": "Paket Dorotejevih piškotov z olivami in pistacijami."
      }
    ],
    "analytics_category": "Food",
    "more_details": "Dodatne podrobnosti o izdelku",
    "won_category_primary": "Svetovi potreb/Hrana in bližnja hrana/Prigrizki in slaščice",
    "won_category_primary_path": "0/17/1721",
    "canonical_path": "/p/deluxe-mehki-nugat-torroncini-s-pistacijo/p10082663",
    "canonical_url": "/p/deluxe-mehki-nugat-torroncini-s-pistacijo/p10082663",
    "awards": [],
    "seals": [
      {
        "altText": "Nalepka: NOVO!",
        "image": "https://imgproxy-retcat.assets.schwarz/gW7U9oAMEinoB9aSfR-kefCuzYAnn4a_JeAvwiBZ8jM/sm:1/w:140/cz/M6Ly9wcm9kLWNhd/GFsb2ctbWVkaWEvc2kvMi8xMzJDOEE4QTc5MEM1OUI0Q0UxNUQ5OUV/GRjE1MTJBOThEN0JEOEI5NEU0MzkzRkRGQjk3Q0NCOUE5MjIxODNCLnBuZw.png"
      }
    ],
    "ribbons": [],
    "highlighted_seals": 0,
    "lidl_plus": [],
    "regions": [],
    "ians": [
      "6016116"
    ],
    "show_brand": true,
    "deal_of_day_active": false,
    "full_title_meta": "DELUXE Mehki nugat „Torroncini“ s pistacijo",
    "lists": [
      4991
    ],
    "preview": false,
    "category_breadcrumbs": [
      {
        "id": "10068374",
        "name": "Hrana in pijača",
        "url": "/c/hrana-in-pijaca/s10068374",
        "hidden": false
      },
      {
        "id": "10071044",
        "name": "Prigrizki in sladkarije",
        "url": "/h/prigrizki-in-sladkarije/h10071044",
        "hidden": false
      }
    ],
    "campaigns": [
      {
        "id": "Current_Sales_Week",
        "name": "Ta teden",
        "url": null,
        "hidden": false
      },
      {
        "id": "10075259",
        "name": "Deluxe - Gurmanski okus poletja",
        "url": "/c/deluxe-gurmanski-okus-poletja/a10075259",
        "hidden": false
      }
    ],
    "world_of_needs_code": "1721",
    "world_of_needs_name": "Prigrizki in slaščice",
    "world_of_needs_parent": "17",
    "is_main_category": true,
    "super_categories": [
      {
        "code": "17",
        "name": "Hrana in bližnja hrana",
        "parent": "0"
      },
      {
        "code": "0",
        "name": "Svetovi potreb",
        "parent": ""
      }
    ],
    "position": 224,
    "tracking_payload": {
      "searchTrackingMasterId": "Product.10082663",
      "searchTrackingTitle": "Mehki+nugat+%E2%80%9ETorroncini%E2%80%9C+s+pistacijo",
      "searchTrackingPageSize": 100,
      "searchTrackingPage": 3,
      "searchTrackingEvent": "click",
      "list": "search",
      "searchTrackingId": "Product.10082663",
      "searchTrackingOrigPos": 1,
      "searchTrackingPos": 224,
      "searchTrackingOrigPageSize": 100,
      "searchTrackingChannel": "SI",
      "category": "Food"
    }
  },
  {
    "code": "10082665",
    "name": "Češnjeva paprika",
    "url": "",
    "result_class": "product",
    "type": "product",
    "product_id": 10082665,
    "erp_number": "10082665",
    "item_id": 10082665,
    "full_title": "DELUXE Češnjeva paprika",
    "title": "Češnjeva paprika",
    "category": "Food",
    "product_type": "RETAIL",
    "age_restriction": false,
    "is_used_product": false,
    "multipack": false,
    "online": false,
    "store": false,
    "quick_add_to_cart": false,
    "flash_sales": false,
    "having_videos": false,
    "having_threesixty": false,
    "price": 3.79,
    "old_price": 0.0,
    "currency_code": "EUR",
    "currency_symbol": "€",
    "has_star": true,
    "has_vat": false,
    "price_theme": "white_red",
    "variants_have_different_prices": false,
    "base_price_text": "1 l = 13.35",
    "base_price_prefix": false,
    "packaging_text": "284 ml",
    "discount_deleted_price": null,
    "discount_text": null,
    "discount_percentage": null,
    "discount_has_star": null,
    "show_discount": null,
    "show_percentage": null,
    "from_recommended_price": null,
    "availability_indicator": 0,
    "online_available": false,
    "min_orderable_quantity": 1,
    "orderable_quantities": [],
    "badge_texts": [
      "od 10.07. v trgovini"
    ],
    "badge_types": [
      "IN_STORE_FROM_DATE_FUTURE"
    ],
    "main_image": "https://imgproxy-retcat.assets.schwarz/dX1u50_y5wx1gM0v24gRw8SfkH17yjrxYFgbSvhJKuE/sm:1/w:427/h:320/cz/M6Ly9wcm9kLWNhd/GFsb2ctbWVkaWEvc2kvMS9FODA3QTNGQUM2RDhBQkJCRkNBRkM2OUY/2MkJCRjQyOTY4MTNCREY0RTg1MTQ4MDFCMjFCRjIzRUIwQ0M4MjZFLmpwZw.jpg",
    "image_list": [
      "https://imgproxy-retcat.assets.schwarz/dX1u50_y5wx1gM0v24gRw8SfkH17yjrxYFgbSvhJKuE/sm:1/w:427/h:320/cz/M6Ly9wcm9kLWNhd/GFsb2ctbWVkaWEvc2kvMS9FODA3QTNGQUM2RDhBQkJCRkNBRkM2OUY/2MkJCRjQyOTY4MTNCREY0RTg1MTQ4MDFCMjFCRjIzRUIwQ0M4MjZFLmpwZw.jpg",
      "https://imgproxy-retcat.assets.schwarz/Zw5GgOjAmJstlBNA50I8vDYrW4iQJcEO6YVz4CKohiI/sm:1/w:427/h:320/cz/M6Ly9wcm9kLWNhd/GFsb2ctbWVkaWEvc2kvMS85NzIyRUIyMjUxRjA5MEU5MTlDMjQ5MjB/DOTRCNkE4QTlBNDA5NjM0NTFBMTE3QjU4OUJEN0Y0RkY4MUY3MTlGLmpwZw.jpg",
      "https://imgproxy-retcat.assets.schwarz/cWDCASX7v6Erv2CRFhyRcdkDBpK_1yvKIBC1BPGXqp4/sm:1/w:427/h:320/cz/M6Ly9wcm9kLWNhd/GFsb2ctbWVkaWEvc2kvMS9BOUNFMTYyQjM1M0NGNTI2N0MxMzM1MEF/DMzMwRjhDMjQ4RjlEMkI3RTYxRENFNkY1MDlGNDVGOTlFNDFDODc1LmpwZw.jpg"
    ],
    "image_accessibility": "Dva kozarca vloženega rdečega paprike.",
    "detailed_images": [
      {
        "url": "https://imgproxy-retcat.assets.schwarz/dX1u50_y5wx1gM0v24gRw8SfkH17yjrxYFgbSvhJKuE/sm:1/w:427/h:320/cz/M6Ly9wcm9kLWNhd/GFsb2ctbWVkaWEvc2kvMS9FODA3QTNGQUM2RDhBQkJCRkNBRkM2OUY/2MkJCRjQyOTY4MTNCREY0RTg1MTQ4MDFCMjFCRjIzRUIwQ0M4MjZFLmpwZw.jpg",
        "accessibility": "Dva kozarca vloženega rdečega paprike."
      },
      {
        "url": "https://imgproxy-retcat.assets.schwarz/Zw5GgOjAmJstlBNA50I8vDYrW4iQJcEO6YVz4CKohiI/sm:1/w:427/h:320/cz/M6Ly9wcm9kLWNhd/GFsb2ctbWVkaWEvc2kvMS85NzIyRUIyMjUxRjA5MEU5MTlDMjQ5MjB/DOTRCNkE4QTlBNDA5NjM0NTFBMTE3QjU4OUJEN0Y0RkY4MUY3MTlGLmpwZw.jpg",
        "accessibility": "Kocka sira v rdečem olju v steklenem kozarcu."
      },
      {
        "url": "https://imgproxy-retcat.assets.schwarz/cWDCASX7v6Erv2CRFhyRcdkDBpK_1yvKIBC1BPGXqp4/sm:1/w:427/h:320/cz/M6Ly9wcm9kLWNhd/GFsb2ctbWVkaWEvc2kvMS9BOUNFMTYyQjM1M0NGNTI2N0MxMzM1MEF/DMzMwRjhDMjQ4RjlEMkI3RTYxRENFNkY1MDlGNDVGOTlFNDFDODc1LmpwZw.jpg",
        "accessibility": "Kozarček vloženega sadja v sladkem sirupu."
      }
    ],
    "analytics_category": "Food",
    "more_details": "Dodatne podrobnosti o izdelku",
    "won_category_primary": "Svetovi potreb/Hrana in bližnja hrana/Sadje in zelenjava",
    "won_category_primary_path": "0/17/1710",
    "canonical_path": "/p/deluxe-cesnjeva-paprika/p10082665",
    "canonical_url": "/p/deluxe-cesnjeva-paprika/p10082665",
    "awards": [],
    "seals": [],
    "ribbons": [],
    "highlighted_seals": 0,
    "lidl_plus": [],
    "regions": [],
    "ians": [
      "5700781"
    ],
    "show_brand": true,
    "deal_of_day_active": false,
    "full_title_meta": "DELUXE Češnjeva paprika",
    "lists": [
      4991
    ],
    "preview": false,
    "category_breadcrumbs": [
      {
        "id": "10068374",
        "name": "Hrana in pijača",
        "url": "/c/hrana-in-pijaca/s10068374",
        "hidden": false
      },
      {
        "id": "10071012",
        "name": "Sadje in zelenjava",
        "url": "/h/sadje-in-zelenjava/h10071012",
        "hidden": false
      }
    ],
    "campaigns": [
      {
        "id": "Current_Sales_Week",
        "name": "Ta teden",
        "url": null,
        "hidden": false
      },
      {
        "id": "10075259",
        "name": "Deluxe - Gurmanski okus poletja",
        "url": "/c/deluxe-gurmanski-okus-poletja/a10075259",
        "hidden": false
      }
    ],
    "world_of_needs_code": "1710",
    "world_of_needs_name": "Sadje in zelenjava",
    "world_of_needs_parent": "17",
    "is_main_category": true,
    "super_categories": [
      {
        "code": "17",
        "name": "Hrana in bližnja hrana",
        "parent": "0"
      },
      {
        "code": "0",
        "name": "Svetovi potreb",
        "parent": ""
      }
    ],
    "position": 225,
    "tracking_payload": {
      "searchTrackingMasterId": "Product.10082665",
      "searchTrackingTitle": "%C4%8Ce%C5%A1njeva+paprika",
      "searchTrackingPageSize": 100,
      "searchTrackingPage": 3,
      "searchTrackingEvent": "click",
      "list": "search",
      "searchTrackingId": "Product.10082665",
      "searchTrackingOrigPos": 1,
      "searchTrackingPos": 225,
      "searchTrackingOrigPageSize": 100,
      "searchTrackingChannel": "SI",
      "category": "Food"
    }
  },
  {
    "code": "10082669",
    "name": "Vrtna hortenzija",
    "url": "",
    "result_class": "product",
    "type": "product",
    "product_id": 10082669,
    "erp_number": "10082669",
    "item_id": 10082669,
    "full_title": "Vrtna hortenzija",
    "title": "Vrtna hortenzija",
    "category": "Food",
    "product_type": "RETAIL",
    "age_restriction": false,
    "is_used_product": false,
    "multipack": false,
    "online": false,
    "store": false,
    "quick_add_to_cart": false,
    "flash_sales": false,
    "having_videos": false,
    "having_threesixty": false,
    "price": 7.99,
    "old_price": 0.0,
    "currency_code": "EUR",
    "currency_symbol": "€",
    "has_star": true,
    "has_vat": false,
    "price_theme": "white_red",
    "variants_have_different_prices": false,
    "base_price_text": null,
    "base_price_prefix": null,
    "packaging_text": "kos",
    "discount_deleted_price": null,
    "discount_text": "ZGRABITE PRILOŽNOST!",
    "discount_percentage": null,
    "discount_has_star": false,
    "show_discount": false,
    "show_percentage": false,
    "from_recommended_price": false,
    "availability_indicator": 0,
    "online_available": false,
    "min_orderable_quantity": 1,
    "orderable_quantities": [],
    "badge_texts": [
      "od 10.07. v trgovini"
    ],
    "badge_types": [
      "IN_STORE_FROM_DATE_FUTURE"
    ],
    "main_image": "https://imgproxy-retcat.assets.schwarz/eVFUAQqO3Zp7MXTokxjrqRAPBwNPTcy1stJB7R76XkI/sm:1/w:427/h:320/cz/M6Ly9wcm9kLWNhd/GFsb2ctbWVkaWEvc2kvMS9EOUE3RUMzOTM3REQ4NzUwOEU4RjQ3MTQ/2RDdGOUM1RUJBOTNCODlFNUU4NjQwRTBFNEM0MkQ4REY5RkRFMzMyLmpwZw.jpg",
    "image_list": [
      "https://imgproxy-retcat.assets.schwarz/eVFUAQqO3Zp7MXTokxjrqRAPBwNPTcy1stJB7R76XkI/sm:1/w:427/h:320/cz/M6Ly9wcm9kLWNhd/GFsb2ctbWVkaWEvc2kvMS9EOUE3RUMzOTM3REQ4NzUwOEU4RjQ3MTQ/2RDdGOUM1RUJBOTNCODlFNUU4NjQwRTBFNEM0MkQ4REY5RkRFMzMyLmpwZw.jpg",
      "https://imgproxy-retcat.assets.schwarz/pA75hsjv8zUnF29O4yE8Bk6-AtWjFcEYf12zxU9K0JU/sm:1/w:427/h:320/cz/M6Ly9wcm9kLWNhd/GFsb2ctbWVkaWEvc2kvMS9EMDJCNDczN0U0REIxMUQ1OEI0RkU2MzF/EODFBRjBFNTA3MTA5MDcyN0U4NTU3QkEzNzg5QzQ4MjQ0MzRDRDBDLmpwZw.jpg",
      "https://imgproxy-retcat.assets.schwarz/-bO9BF9AMh6TbJzcMsulvvF6pclK6dTduU185OC9Hj4/sm:1/w:427/h:320/cz/M6Ly9wcm9kLWNhd/GFsb2ctbWVkaWEvc2kvMS8xODZEMkZEQUI3RDAzNThFMDFDRUIxQ0V/GMjk0NjA2NjJDMzAzQ0QwRkMzMjI3M0QxMjYxNEFEMTk3NDU1RkEwLmpwZw.jpg"
    ],
    "image_accessibility": "Dve lončnici hortenzije v različnih barvah.",
    "detailed_images": [
      {
        "url": "https://imgproxy-retcat.assets.schwarz/eVFUAQqO3Zp7MXTokxjrqRAPBwNPTcy1stJB7R76XkI/sm:1/w:427/h:320/cz/M6Ly9wcm9kLWNhd/GFsb2ctbWVkaWEvc2kvMS9EOUE3RUMzOTM3REQ4NzUwOEU4RjQ3MTQ/2RDdGOUM1RUJBOTNCODlFNUU4NjQwRTBFNEM0MkQ4REY5RkRFMzMyLmpwZw.jpg",
        "accessibility": "Dve lončnici hortenzije v različnih barvah."
      },
      {
        "url": "https://imgproxy-retcat.assets.schwarz/pA75hsjv8zUnF29O4yE8Bk6-AtWjFcEYf12zxU9K0JU/sm:1/w:427/h:320/cz/M6Ly9wcm9kLWNhd/GFsb2ctbWVkaWEvc2kvMS9EMDJCNDczN0U0REIxMUQ1OEI0RkU2MzF/EODFBRjBFNTA3MTA5MDcyN0U4NTU3QkEzNzg5QzQ4MjQ0MzRDRDBDLmpwZw.jpg",
        "accessibility": "Rožnati hortenziji v loncu."
      },
      {
        "url": "https://imgproxy-retcat.assets.schwarz/-bO9BF9AMh6TbJzcMsulvvF6pclK6dTduU185OC9Hj4/sm:1/w:427/h:320/cz/M6Ly9wcm9kLWNhd/GFsb2ctbWVkaWEvc2kvMS8xODZEMkZEQUI3RDAzNThFMDFDRUIxQ0V/GMjk0NjA2NjJDMzAzQ0QwRkMzMjI3M0QxMjYxNEFEMTk3NDU1RkEwLmpwZw.jpg",
        "accessibility": "Lonec bele hortenzije."
      }
    ],
    "analytics_category": "Food",
    "more_details": "Dodatne podrobnosti o izdelku",
    "won_category_primary": "Svetovi potreb/Hrana in bližnja hrana/Cvetje & Rastline (Žive rastline in šopki)",
    "won_category_primary_path": "0/17/1732",
    "canonical_path": "/p/vrtna-hortenzija/p10082669",
    "canonical_url": "/p/vrtna-hortenzija/p10082669",
    "awards": [],
    "seals": [],
    "ribbons": [],
    "highlighted_seals": 0,
    "lidl_plus": [],
    "regions": [],
    "ians": [
      "51251"
    ],
    "show_brand": false,
    "deal_of_day_active": false,
    "full_title_meta": "Vrtna hortenzija",
    "lists": [
      4991
    ],
    "preview": false,
    "category_breadcrumbs": [
      {
        "id": "10068374",
        "name": "Hrana in pijača",
        "url": "/c/hrana-in-pijaca/s10068374",
        "hidden": false
      },
      {
        "id": "10071024",
        "name": "Rože in rastline",
        "url": "/h/roze-in-rastline/h10071024",
        "hidden": false
      }
    ],
    "campaigns": [
      {
        "id": "10025105",
        "name": "Cvetličarna",
        "url": "/c/cvetlicarna/a10025105",
        "hidden": false
      }
    ],
    "world_of_needs_code": "1732",
    "world_of_needs_name": "Cvetje & Rastline (Žive rastline in šopki)",
    "world_of_needs_parent": "17",
    "is_main_category": true,
    "super_categories": [
      {
        "code": "17",
        "name": "Hrana in bližnja hrana",
        "parent": "0"
      },
      {
        "code": "0",
        "name": "Svetovi potreb",
        "parent": ""
      }
    ],
    "position": 226,
    "tracking_payload": {
      "searchTrackingMasterId": "Product.10082669",
      "searchTrackingTitle": "Vrtna+hortenzija",
      "searchTrackingPageSize": 100,
      "searchTrackingPage": 3,
      "searchTrackingEvent": "click",
      "list": "search",
      "searchTrackingId": "Product.10082669",
      "searchTrackingOrigPos": 1,
      "searchTrackingPos": 226,
      "searchTrackingOrigPageSize": 100,
      "searchTrackingChannel": "SI",
      "category": "Food"
    }
  },
  {
    "code": "10082675",
    "name": "Cvetoča lončnica",
    "url": "",
    "result_class": "product",
    "type": "product",
    "product_id": 10082675,
    "erp_number": "10082675",
    "item_id": 10082675,
    "full_title": "Cvetoča lončnica",
    "title": "Cvetoča lončnica",
    "category": "Food",
    "product_type": "RETAIL",
    "age_restriction": false,
    "is_used_product": false,
    "multipack": false,
    "online": false,
    "store": false,
    "quick_add_to_cart": false,
    "flash_sales": false,
    "having_videos": false,
    "having_threesixty": false,
    "price": 4.49,
    "old_price": 0.0,
    "currency_code": "EUR",
    "currency_symbol": "€",
    "has_star": true,
    "has_vat": false,
    "price_theme": "white_red",
    "variants_have_different_prices": false,
    "base_price_text": null,
    "base_price_prefix": null,
    "packaging_text": "kos",
    "discount_deleted_price": null,
    "discount_text": "ZGRABITE PRILOŽNOST!",
    "discount_percentage": null,
    "discount_has_star": false,
    "show_discount": false,
    "show_percentage": false,
    "from_recommended_price": false,
    "availability_indicator": 0,
    "online_available": false,
    "min_orderable_quantity": 1,
    "orderable_quantities": [],
    "badge_texts": [
      "od 14.07. v trgovini"
    ],
    "badge_types": [
      "IN_STORE_FROM_DATE_FUTURE"
    ],
    "main_image": "https://imgproxy-retcat.assets.schwarz/OSRhv1P-_qmC5Z-ucVkeL-TfAiWcDhsVSx3-kI11C1I/sm:1/w:427/h:320/cz/M6Ly9wcm9kLWNhd/GFsb2ctbWVkaWEvc2kvMS8wMzc1RDZEN0Y3RDU2NzdBNzhCRERCQ0E/3OTE3MjJENEFFMkM0MkQ1RDJDMzc2OUZFOTE5N0EyNjI5NzlBREJELmpwZw.jpg",
    "image_list": [
      "https://imgproxy-retcat.assets.schwarz/OSRhv1P-_qmC5Z-ucVkeL-TfAiWcDhsVSx3-kI11C1I/sm:1/w:427/h:320/cz/M6Ly9wcm9kLWNhd/GFsb2ctbWVkaWEvc2kvMS8wMzc1RDZEN0Y3RDU2NzdBNzhCRERCQ0E/3OTE3MjJENEFFMkM0MkQ1RDJDMzc2OUZFOTE5N0EyNjI5NzlBREJELmpwZw.jpg",
      "https://imgproxy-retcat.assets.schwarz/XMi2OrxqhaoFsYBRcvf5hZvKHNtbLU9nO2GGCuwrT94/sm:1/w:427/h:320/cz/M6Ly9wcm9kLWNhd/GFsb2ctbWVkaWEvc2kvMS84QkNFOTc5MUM4N0YzRkZEOENBQzZBMjR/FNzQzRTBDOTRCNTdGRkM1NURENEI1MEY5RDk5MTY2NzM4OTVFNzkyLmpwZw.jpg",
      "https://imgproxy-retcat.assets.schwarz/boJFzfSXlepx4AkAfAXDNlRjiGkfqFYX3MxbCNs7orU/sm:1/w:427/h:320/cz/M6Ly9wcm9kLWNhd/GFsb2ctbWVkaWEvc2kvMS8xNDUxQjVGN0Y1NzAxODIwOEQ4MDBFNkQ/wNkI3MTdENDc3QzdCQ0NCM0MxMzA5NkU2QTNBODg2RUIzRTU4QzRBLmpwZw.jpg"
    ],
    "image_accessibility": "Trije lončki z različnimi cvetočimi rastlinami: rumene in bele krizanteme ter rdeče cvetoče rastline.",
    "detailed_images": [
      {
        "url": "https://imgproxy-retcat.assets.schwarz/OSRhv1P-_qmC5Z-ucVkeL-TfAiWcDhsVSx3-kI11C1I/sm:1/w:427/h:320/cz/M6Ly9wcm9kLWNhd/GFsb2ctbWVkaWEvc2kvMS8wMzc1RDZEN0Y3RDU2NzdBNzhCRERCQ0E/3OTE3MjJENEFFMkM0MkQ1RDJDMzc2OUZFOTE5N0EyNjI5NzlBREJELmpwZw.jpg",
        "accessibility": "Trije lončki z različnimi cvetočimi rastlinami: rumene in bele krizanteme ter rdeče cvetoče rastline."
      },
      {
        "url": "https://imgproxy-retcat.assets.schwarz/XMi2OrxqhaoFsYBRcvf5hZvKHNtbLU9nO2GGCuwrT94/sm:1/w:427/h:320/cz/M6Ly9wcm9kLWNhd/GFsb2ctbWVkaWEvc2kvMS84QkNFOTc5MUM4N0YzRkZEOENBQzZBMjR/FNzQzRTBDOTRCNTdGRkM1NURENEI1MEY5RDk5MTY2NzM4OTVFNzkyLmpwZw.jpg",
        "accessibility": "Lonec z rumenimi krizantemami."
      },
      {
        "url": "https://imgproxy-retcat.assets.schwarz/boJFzfSXlepx4AkAfAXDNlRjiGkfqFYX3MxbCNs7orU/sm:1/w:427/h:320/cz/M6Ly9wcm9kLWNhd/GFsb2ctbWVkaWEvc2kvMS8xNDUxQjVGN0Y1NzAxODIwOEQ4MDBFNkQ/wNkI3MTdENDc3QzdCQ0NCM0MxMzA5NkU2QTNBODg2RUIzRTU4QzRBLmpwZw.jpg",
        "accessibility": "Beli krizanteme v rjavem lončku."
      }
    ],
    "analytics_category": "Food",
    "more_details": "Dodatne podrobnosti o izdelku",
    "won_category_primary": "Svetovi potreb/Hrana in bližnja hrana/Cvetje & Rastline (Žive rastline in šopki)",
    "won_category_primary_path": "0/17/1732",
    "canonical_path": "/p/cvetoca-loncnica/p10082675",
    "canonical_url": "/p/cvetoca-loncnica/p10082675",
    "awards": [],
    "seals": [],
    "ribbons": [],
    "highlighted_seals": 0,
    "lidl_plus": [],
    "regions": [],
    "ians": [
      "51276"
    ],
    "show_brand": false,
    "deal_of_day_active": false,
    "full_title_meta": "Cvetoča lončnica",
    "lists": [
      4991
    ],
    "preview": false,
    "category_breadcrumbs": [
      {
        "id": "10068374",
        "name": "Hrana in pijača",
        "url": "/c/hrana-in-pijaca/s10068374",
        "hidden": false
      },
      {
        "id": "10071024",
        "name": "Rože in rastline",
        "url": "/h/roze-in-rastline/h10071024",
        "hidden": false
      }
    ],
    "campaigns": [
      {
        "id": "10025105",
        "name": "Cvetličarna",
        "url": "/c/cvetlicarna/a10025105",
        "hidden": false
      }
    ],
    "world_of_needs_code": "1732",
    "world_of_needs_name": "Cvetje & Rastline (Žive rastline in šopki)",
    "world_of_needs_parent": "17",
    "is_main_category": true,
    "super_categories": [
      {
        "code": "17",
        "name": "Hrana in bližnja hrana",
        "parent": "0"
      },
      {
        "code": "0",
        "name": "Svetovi potreb",
        "parent": ""
      }
    ],
    "position": 227,
    "tracking_payload": {
      "searchTrackingMasterId": "Product.10082675",
      "searchTrackingTitle": "Cveto%C4%8Da+lon%C4%8Dnica",
      "searchTrackingPageSize": 100,
      "searchTrackingPage": 3,
      "searchTrackingEvent": "click",
      "list": "search",
      "searchTrackingId": "Product.10082675",
      "searchTrackingOrigPos": 1,
      "searchTrackingPos": 227,
      "searchTrackingOrigPageSize": 100,
      "searchTrackingChannel": "SI",
      "category": "Food"
    }
  },
  {
    "code": "10082677",
    "name": "Krizanteme",
    "url": "",
    "result_class": "product",
    "type": "product",
    "product_id": 10082677,
    "erp_number": "10082677",
    "item_id": 10082677,
    "full_title": "Krizanteme",
    "title": "Krizanteme",
    "category": "Food",
    "product_type": "RETAIL",
    "age_restriction": false,
    "is_used_product": false,
    "multipack": false,
    "online": false,
    "store": false,
    "quick_add_to_cart": false,
    "flash_sales": false,
    "having_videos": false,
    "having_threesixty": false,
    "price": 3.99,
    "old_price": 0.0,
    "currency_code": "EUR",
    "currency_symbol": "€",
    "has_star": true,
    "has_vat": false,
    "price_theme": "white_red",
    "variants_have_different_prices": false,
    "base_price_text": "1 kos = 0.40",
    "base_price_prefix": false,
    "packaging_text": "10 kosov v kompl.",
    "discount_deleted_price": null,
    "discount_text": "ZGRABITE PRILOŽNOST!",
    "discount_percentage": null,
    "discount_has_star": false,
    "show_discount": false,
    "show_percentage": false,
    "from_recommended_price": false,
    "availability_indicator": 0,
    "online_available": false,
    "min_orderable_quantity": 1,
    "orderable_quantities": [],
    "badge_texts": [
      "od 14.07. v trgovini"
    ],
    "badge_types": [
      "IN_STORE_FROM_DATE_FUTURE"
    ],
    "main_image": "https://imgproxy-retcat.assets.schwarz/3G-XTtRdvJ4FJpuVTURtY6OIdSNkjudNpd182RNt3jc/sm:1/w:427/h:320/cz/M6Ly9wcm9kLWNhd/GFsb2ctbWVkaWEvc2kvMS9DM0UzMkU4NDc3ODBEQzg4RUVFNzEyMTA/1NTM1OUVCOTc0NEFDNEIyQUNCQjBBMTExOEExMjJGNzZDMUUwQjU5LmpwZw.jpg",
    "image_list": [
      "https://imgproxy-retcat.assets.schwarz/3G-XTtRdvJ4FJpuVTURtY6OIdSNkjudNpd182RNt3jc/sm:1/w:427/h:320/cz/M6Ly9wcm9kLWNhd/GFsb2ctbWVkaWEvc2kvMS9DM0UzMkU4NDc3ODBEQzg4RUVFNzEyMTA/1NTM1OUVCOTc0NEFDNEIyQUNCQjBBMTExOEExMjJGNzZDMUUwQjU5LmpwZw.jpg",
      "https://imgproxy-retcat.assets.schwarz/dfcY6ZOWudmA6ZqrcR4P8OQuk7evL2GKJP3U-TI86V4/sm:1/w:427/h:320/cz/M6Ly9wcm9kLWNhd/GFsb2ctbWVkaWEvc2kvMS81RkY4QzVENkM1MTI1Qzg4NkRGM0RCQzh/GMDI5NUY0OENEQzQ0RUM1Q0M1MzI1MjAzMDc2QUNERjc4MkRGQTI3LmpwZw.jpg",
      "https://imgproxy-retcat.assets.schwarz/JLoBRz49DvIneoCIa9Z5GMk4-RpAbz7a-sYSqWRHREY/sm:1/w:427/h:320/cz/M6Ly9wcm9kLWNhd/GFsb2ctbWVkaWEvc2kvMS9GQUU1RDAyMDBCOTdFMUFGMkMxRDUzREQ/0RUJBQ0I3NzY0QzkyOTdGNzJBRDUzNkVFNDRFOTQ2MUVDNTZFRDFFLmpwZw.jpg"
    ],
    "image_accessibility": "Dve črni pladnji z sadikami rastlin.",
    "detailed_images": [
      {
        "url": "https://imgproxy-retcat.assets.schwarz/3G-XTtRdvJ4FJpuVTURtY6OIdSNkjudNpd182RNt3jc/sm:1/w:427/h:320/cz/M6Ly9wcm9kLWNhd/GFsb2ctbWVkaWEvc2kvMS9DM0UzMkU4NDc3ODBEQzg4RUVFNzEyMTA/1NTM1OUVCOTc0NEFDNEIyQUNCQjBBMTExOEExMjJGNzZDMUUwQjU5LmpwZw.jpg",
        "accessibility": "Dve črni pladnji z sadikami rastlin."
      },
      {
        "url": "https://imgproxy-retcat.assets.schwarz/dfcY6ZOWudmA6ZqrcR4P8OQuk7evL2GKJP3U-TI86V4/sm:1/w:427/h:320/cz/M6Ly9wcm9kLWNhd/GFsb2ctbWVkaWEvc2kvMS81RkY4QzVENkM1MTI1Qzg4NkRGM0RCQzh/GMDI5NUY0OENEQzQ0RUM1Q0M1MzI1MjAzMDc2QUNERjc4MkRGQTI3LmpwZw.jpg",
        "accessibility": "Posoda z dvanajstimi sadikami rumenih krizantem."
      },
      {
        "url": "https://imgproxy-retcat.assets.schwarz/JLoBRz49DvIneoCIa9Z5GMk4-RpAbz7a-sYSqWRHREY/sm:1/w:427/h:320/cz/M6Ly9wcm9kLWNhd/GFsb2ctbWVkaWEvc2kvMS9GQUU1RDAyMDBCOTdFMUFGMkMxRDUzREQ/0RUJBQ0I3NzY0QzkyOTdGNzJBRDUzNkVFNDRFOTQ2MUVDNTZFRDFFLmpwZw.jpg",
        "accessibility": "Posoda z belimi krizantemami."
      }
    ],
    "analytics_category": "Food",
    "more_details": "Dodatne podrobnosti o izdelku",
    "won_category_primary": "Svetovi potreb/Hrana in bližnja hrana/Cvetje & Rastline (Žive rastline in šopki)",
    "won_category_primary_path": "0/17/1732",
    "canonical_path": "/p/krizanteme/p10082677",
    "canonical_url": "/p/krizanteme/p10082677",
    "awards": [],
    "seals": [],
    "ribbons": [],
    "highlighted_seals": 0,
    "lidl_plus": [],
    "regions": [],
    "ians": [
      "162146"
    ],
    "show_brand": false,
    "deal_of_day_active": false,
    "full_title_meta": "Krizanteme",
    "lists": [
      4991
    ],
    "preview": false,
    "category_breadcrumbs": [
      {
        "id": "10068374",
        "name": "Hrana in pijača",
        "url": "/c/hrana-in-pijaca/s10068374",
        "hidden": false
      },
      {
        "id": "10071024",
        "name": "Rože in rastline",
        "url": "/h/roze-in-rastline/h10071024",
        "hidden": false
      }
    ],
    "campaigns": [
      {
        "id": "10025105",
        "name": "Cvetličarna",
        "url": "/c/cvetlicarna/a10025105",
        "hidden": false
      }
    ],
    "world_of_needs_code": "1732",
    "world_of_needs_name": "Cvetje & Rastline (Žive rastline in šopki)",
    "world_of_needs_parent": "17",
    "is_main_category": true,
    "super_categories": [
      {
        "code": "17",
        "name": "Hrana in bližnja hrana",
        "parent": "0"
      },
      {
        "code": "0",
        "name": "Svetovi potreb",
        "parent": ""
      }
    ],
    "position": 228,
    "tracking_payload": {
      "searchTrackingMasterId": "Product.10082677",
      "searchTrackingTitle": "Krizanteme",
      "searchTrackingPageSize": 100,
      "searchTrackingPage": 3,
      "searchTrackingEvent": "click",
      "list": "search",
      "searchTrackingId": "Product.10082677",
      "searchTrackingOrigPos": 1,
      "searchTrackingPos": 228,
      "searchTrackingOrigPageSize": 100,
      "searchTrackingChannel": "SI",
      "category": "Food"
    }
  },
  {
    "code": "10082681",
    "name": "Sladoled štirih okusov",
    "url": "",
    "result_class": "product",
    "type": "product",
    "product_id": 10082681,
    "erp_number": "10082681",
    "item_id": 10082681,
    "full_title": "GELATELLI Sladoled štirih okusov",
    "title": "Sladoled štirih okusov",
    "category": "Food",
    "product_type": "RETAIL",
    "age_restriction": false,
    "is_used_product": false,
    "multipack": false,
    "online": false,
    "store": false,
    "quick_add_to_cart": false,
    "flash_sales": false,
    "having_videos": false,
    "having_threesixty": false,
    "price": null,
    "old_price": null,
    "currency_code": "EUR",
    "currency_symbol": "€",
    "has_star": true,
    "has_vat": false,
    "price_theme": null,
    "variants_have_different_prices": false,
    "base_price_text": null,
    "base_price_prefix": null,
    "packaging_text": null,
    "discount_deleted_price": null,
    "discount_text": null,
    "discount_percentage": null,
    "discount_has_star": null,
    "show_discount": null,
    "show_percentage": null,
    "from_recommended_price": null,
    "availability_indicator": 0,
    "online_available": false,
    "min_orderable_quantity": 1,
    "orderable_quantities": [],
    "badge_texts": [
      "V trgovini od 10.07. do 16.07."
    ],
    "badge_types": [
      "IN_STORE_FROM_FUTURE_DATE_RANGE"
    ],
    "main_image": "https://imgproxy-retcat.assets.schwarz/NpYXltZ86xu6100x1INamVB5KS4BES4mhw2Y8Ykhu20/sm:1/w:427/h:320/cz/M6Ly9wcm9kLWNhd/GFsb2ctbWVkaWEvc2kvMS9GRjg0MDk1QjE0M0VCODcwMTJFQTUxQzJ/GRTBCOEE0NTQ2REM0REI2NEQxMjg4NDI0RjVGODc2RTQ4QzgyQUE0LmpwZw.jpg",
    "image_list": [
      "https://imgproxy-retcat.assets.schwarz/NpYXltZ86xu6100x1INamVB5KS4BES4mhw2Y8Ykhu20/sm:1/w:427/h:320/cz/M6Ly9wcm9kLWNhd/GFsb2ctbWVkaWEvc2kvMS9GRjg0MDk1QjE0M0VCODcwMTJFQTUxQzJ/GRTBCOEE0NTQ2REM0REI2NEQxMjg4NDI0RjVGODc2RTQ4QzgyQUE0LmpwZw.jpg"
    ],
    "image_accessibility": "Ghirardellijeva škatla s sladolednimi variacijami.",
    "detailed_images": [
      {
        "url": "https://imgproxy-retcat.assets.schwarz/NpYXltZ86xu6100x1INamVB5KS4BES4mhw2Y8Ykhu20/sm:1/w:427/h:320/cz/M6Ly9wcm9kLWNhd/GFsb2ctbWVkaWEvc2kvMS9GRjg0MDk1QjE0M0VCODcwMTJFQTUxQzJ/GRTBCOEE0NTQ2REM0REI2NEQxMjg4NDI0RjVGODc2RTQ4QzgyQUE0LmpwZw.jpg",
        "accessibility": "Ghirardellijeva škatla s sladolednimi variacijami."
      }
    ],
    "analytics_category": "Food",
    "more_details": "Dodatne podrobnosti o izdelku",
    "won_category_primary": "Svetovi potreb/Hrana in bližnja hrana/Zamrznjena hrana (Zamrznjena hrana)",
    "won_category_primary_path": "0/17/1716",
    "canonical_path": "/p/gelatelli-sladoled-stirih-okusov/p10082681",
    "canonical_url": "/p/gelatelli-sladoled-stirih-okusov/p10082681",
    "awards": [],
    "seals": [
      {
        "altText": "Logotip Lidl Plus",
        "image": "https://imgproxy-retcat.assets.schwarz/DjNLhjIEpHeUFO-WYf3wploAS16YAf6tVgt5EMshyFs/sm:1/w:140/cz/M6Ly9wcm9kLWNhd/GFsb2ctbWVkaWEvc2kvMi9BMEU2QkJCNEZCQTZENzlEQ0MzRDRFOEM/2REREODBCRjMwQUNFQjJBMDBGREI4RjI1M0Y3MDYzOTFFMTg3RUVGLnBuZw.png"
      }
    ],
    "ribbons": [],
    "highlighted_seals": 0,
    "lidl_plus": [
      {
        "price": {
          "discount": {
            "deletedPrice": 3.99,
            "discountHasStar": false,
            "discountText": "- 20 %",
            "fromRecommendedPrice": false,
            "showDiscount": true,
            "showFrom": false,
            "showPercentage": true,
            "showUpTo": false
          },
          "displayedCurrency": "€",
          "hasStar": true,
          "hasVat": false,
          "oldPrice": 3.99,
          "packaging": {
            "text": "1000 g"
          },
          "price": 3.19,
          "priceTheme": "red_yellow",
          "specialTaxes": []
        },
        "lidlPlusText": "z Lidl Plus",
        "highlightText": "- 20 %"
      }
    ],
    "regions": [],
    "ians": [
      "6001940"
    ],
    "show_brand": true,
    "deal_of_day_active": false,
    "full_title_meta": "GELATELLI Sladoled štirih okusov",
    "lists": [
      4991
    ],
    "preview": false,
    "category_breadcrumbs": [
      {
        "id": "10068374",
        "name": "Hrana in pijača",
        "url": "/c/hrana-in-pijaca/s10068374",
        "hidden": false
      },
      {
        "id": "10071049",
        "name": "Zamrznjena hrana",
        "url": "/h/zamrznjena-hrana/h10071049",
        "hidden": false
      }
    ],
    "campaigns": [
      {
        "id": "Current_Sales_Week",
        "name": "Ta teden",
        "url": null,
        "hidden": false
      },
      {
        "id": "10024188",
        "name": "Lidl Plus",
        "url": "/c/lidl-plus/a10024188",
        "hidden": false
      }
    ],
    "world_of_needs_code": "1716",
    "world_of_needs_name": "Zamrznjena hrana (Zamrznjena hrana)",
    "world_of_needs_parent": "17",
    "is_main_category": true,
    "super_categories": [
      {
        "code": "17",
        "name": "Hrana in bližnja hrana",
        "parent": "0"
      },
      {
        "code": "0",
        "name": "Svetovi potreb",
        "parent": ""
      }
    ],
    "position": 229,
    "tracking_payload": {
      "searchTrackingMasterId": "Product.10082681",
      "searchTrackingTitle": "Sladoled+%C5%A1tirih+okusov",
      "searchTrackingPageSize": 100,
      "searchTrackingPage": 3,
      "searchTrackingEvent": "click",
      "list": "search",
      "searchTrackingId": "Product.10082681",
      "searchTrackingOrigPos": 1,
      "searchTrackingPos": 229,
      "searchTrackingOrigPageSize": 100,
      "searchTrackingChannel": "SI",
      "category": "Food"
    }
  },
  {
    "code": "10082687",
    "name": "Sladoled Mochi",
    "url": "",
    "result_class": "product",
    "type": "product",
    "product_id": 10082687,
    "erp_number": "10082687",
    "item_id": 10082687,
    "full_title": "GELATELLI Sladoled Mochi",
    "title": "Sladoled Mochi",
    "category": "Food",
    "product_type": "RETAIL",
    "age_restriction": false,
    "is_used_product": false,
    "multipack": false,
    "online": false,
    "store": false,
    "quick_add_to_cart": false,
    "flash_sales": false,
    "having_videos": false,
    "having_threesixty": false,
    "price": 2.99,
    "old_price": 0.0,
    "currency_code": "EUR",
    "currency_symbol": "€",
    "has_star": true,
    "has_vat": false,
    "price_theme": "white_red",
    "variants_have_different_prices": false,
    "base_price_text": "1 kg = 16.61",
    "base_price_prefix": false,
    "packaging_text": "6 x 30 g",
    "discount_deleted_price": null,
    "discount_text": "ZGRABITE PRILOŽNOST!",
    "discount_percentage": null,
    "discount_has_star": false,
    "show_discount": false,
    "show_percentage": false,
    "from_recommended_price": false,
    "availability_indicator": 0,
    "online_available": false,
    "min_orderable_quantity": 1,
    "orderable_quantities": [],
    "badge_texts": [
      "V trgovini od 10.07. do 16.07."
    ],
    "badge_types": [
      "IN_STORE_FROM_FUTURE_DATE_RANGE"
    ],
    "main_image": "https://imgproxy-retcat.assets.schwarz/q5kxOOltF2NHrFx6NBXNRQfE5Q8_HWlWtdAjnelmY-E/sm:1/w:427/h:320/cz/M6Ly9wcm9kLWNhd/GFsb2ctbWVkaWEvc2kvMS9GQjRDREU5QUE0QTZCQUU2QTg5OTJEMjA/0QzIwRTI1MkQ4MzlBNTQ2QTFDODdGODg2OUE1MDQ0OTkyODgyOTNGLmpwZw.jpg",
    "image_list": [
      "https://imgproxy-retcat.assets.schwarz/q5kxOOltF2NHrFx6NBXNRQfE5Q8_HWlWtdAjnelmY-E/sm:1/w:427/h:320/cz/M6Ly9wcm9kLWNhd/GFsb2ctbWVkaWEvc2kvMS9GQjRDREU5QUE0QTZCQUU2QTg5OTJEMjA/0QzIwRTI1MkQ4MzlBNTQ2QTFDODdGODg2OUE1MDQ0OTkyODgyOTNGLmpwZw.jpg",
      "https://imgproxy-retcat.assets.schwarz/JONfZpj11tMO5f7AIqHNjXCBXQ6iP8NNr98LMoQk4a8/sm:1/w:427/h:320/cz/M6Ly9wcm9kLWNhd/GFsb2ctbWVkaWEvc2kvMS9DQURENzU1Q0I3MjlDODAzMThDRDFFRUU/1MkE5RTZCRDM5QjhCMkMxMjQ3OTA2QTk4QTgxM0Y4NzUwQjI2RjU4LmpwZw.jpg",
      "https://imgproxy-retcat.assets.schwarz/MzOHTlTZYdPWADolU-_BY7UJ96ETz4rofWCRh_O04jw/sm:1/w:427/h:320/cz/M6Ly9wcm9kLWNhd/GFsb2ctbWVkaWEvc2kvMS8yRDU1NUM4MzQxMDE0RUEzRDM4Q0IwNDR/FMzI2MDQyOTk1ODA2QTA0NURGM0MyRDVDQTlDMjJBNUQ4NkYyMThCLmpwZw.jpg"
    ],
    "image_accessibility": "Dve škatli Glico mochija, ena z okusom limone, druga z okusom matcha.",
    "detailed_images": [
      {
        "url": "https://imgproxy-retcat.assets.schwarz/q5kxOOltF2NHrFx6NBXNRQfE5Q8_HWlWtdAjnelmY-E/sm:1/w:427/h:320/cz/M6Ly9wcm9kLWNhd/GFsb2ctbWVkaWEvc2kvMS9GQjRDREU5QUE0QTZCQUU2QTg5OTJEMjA/0QzIwRTI1MkQ4MzlBNTQ2QTFDODdGODg2OUE1MDQ0OTkyODgyOTNGLmpwZw.jpg",
        "accessibility": "Dve škatli Glico mochija, ena z okusom limone, druga z okusom matcha."
      },
      {
        "url": "https://imgproxy-retcat.assets.schwarz/JONfZpj11tMO5f7AIqHNjXCBXQ6iP8NNr98LMoQk4a8/sm:1/w:427/h:320/cz/M6Ly9wcm9kLWNhd/GFsb2ctbWVkaWEvc2kvMS9DQURENzU1Q0I3MjlDODAzMThDRDFFRUU/1MkE5RTZCRDM5QjhCMkMxMjQ3OTA2QTk4QTgxM0Y4NzUwQjI2RjU4LmpwZw.jpg",
        "accessibility": "Škatlica s šestimi mochi sladkarijami z okusom limone in yuzuja, znamke Güllüoğlu."
      },
      {
        "url": "https://imgproxy-retcat.assets.schwarz/MzOHTlTZYdPWADolU-_BY7UJ96ETz4rofWCRh_O04jw/sm:1/w:427/h:320/cz/M6Ly9wcm9kLWNhd/GFsb2ctbWVkaWEvc2kvMS8yRDU1NUM4MzQxMDE0RUEzRDM4Q0IwNDR/FMzI2MDQyOTk1ODA2QTA0NURGM0MyRDVDQTlDMjJBNUQ4NkYyMThCLmpwZw.jpg",
        "accessibility": "Embalaža Grissellinih mochijev z okusom matcha."
      }
    ],
    "analytics_category": "Food",
    "more_details": "Dodatne podrobnosti o izdelku",
    "won_category_primary": "Svetovi potreb/Hrana in bližnja hrana/Zamrznjena hrana (Zamrznjena hrana)",
    "won_category_primary_path": "0/17/1716",
    "canonical_path": "/p/gelatelli-sladoled-mochi/p10082687",
    "canonical_url": "/p/gelatelli-sladoled-mochi/p10082687",
    "awards": [],
    "seals": [],
    "ribbons": [],
    "highlighted_seals": 0,
    "lidl_plus": [],
    "regions": [],
    "ians": [
      "155009"
    ],
    "show_brand": true,
    "deal_of_day_active": false,
    "full_title_meta": "GELATELLI Sladoled Mochi",
    "lists": [
      4991
    ],
    "preview": false,
    "category_breadcrumbs": [
      {
        "id": "10068374",
        "name": "Hrana in pijača",
        "url": "/c/hrana-in-pijaca/s10068374",
        "hidden": false
      },
      {
        "id": "10071049",
        "name": "Zamrznjena hrana",
        "url": "/h/zamrznjena-hrana/h10071049",
        "hidden": false
      }
    ],
    "campaigns": [
      {
        "id": "Current_Sales_Week",
        "name": "Ta teden",
        "url": null,
        "hidden": false
      },
      {
        "id": "10072826",
        "name": "Tvoja osvežitev se začne v Lidlu.",
        "url": "/c/tvoja-osvezitev-se-zacne-v-lidlu/a10072826",
        "hidden": false
      }
    ],
    "world_of_needs_code": "1716",
    "world_of_needs_name": "Zamrznjena hrana (Zamrznjena hrana)",
    "world_of_needs_parent": "17",
    "is_main_category": true,
    "super_categories": [
      {
        "code": "17",
        "name": "Hrana in bližnja hrana",
        "parent": "0"
      },
      {
        "code": "0",
        "name": "Svetovi potreb",
        "parent": ""
      }
    ],
    "position": 230,
    "tracking_payload": {
      "searchTrackingMasterId": "Product.10082687",
      "searchTrackingTitle": "Sladoled+Mochi",
      "searchTrackingPageSize": 100,
      "searchTrackingPage": 3,
      "searchTrackingEvent": "click",
      "list": "search",
      "searchTrackingId": "Product.10082687",
      "searchTrackingOrigPos": 1,
      "searchTrackingPos": 230,
      "searchTrackingOrigPageSize": 100,
      "searchTrackingChannel": "SI",
      "category": "Food"
    }
  },
  {
    "code": "10082694",
    "name": "Mesni burek",
    "url": "",
    "result_class": "product",
    "type": "product",
    "product_id": 10082694,
    "erp_number": "10082694",
    "item_id": 10082694,
    "full_title": "Mesni burek",
    "title": "Mesni burek",
    "category": "Food",
    "product_type": "RETAIL",
    "age_restriction": false,
    "is_used_product": false,
    "multipack": false,
    "online": false,
    "store": false,
    "quick_add_to_cart": false,
    "flash_sales": false,
    "having_videos": false,
    "having_threesixty": false,
    "price": null,
    "old_price": null,
    "currency_code": "EUR",
    "currency_symbol": "€",
    "has_star": true,
    "has_vat": false,
    "price_theme": null,
    "variants_have_different_prices": false,
    "base_price_text": null,
    "base_price_prefix": null,
    "packaging_text": null,
    "discount_deleted_price": null,
    "discount_text": null,
    "discount_percentage": null,
    "discount_has_star": null,
    "show_discount": null,
    "show_percentage": null,
    "from_recommended_price": null,
    "availability_indicator": 0,
    "online_available": false,
    "min_orderable_quantity": 1,
    "orderable_quantities": [],
    "badge_texts": [
      "V trgovini od 10.07. do 16.07."
    ],
    "badge_types": [
      "IN_STORE_FROM_FUTURE_DATE_RANGE"
    ],
    "main_image": "https://imgproxy-retcat.assets.schwarz/9or6EyasFnV7OGbdsibWHEqIfoOOQ2n7auAd3cjsTjo/sm:1/w:427/h:320/cz/M6Ly9wcm9kLWNhd/GFsb2ctbWVkaWEvc2kvMS85QjZDRjc4MUQxRUM3NzQzM0U5QTk5QzR/ENzdENkIzQ0FGQzM3RUU2NjdCQTUxMjFBMkU3MzIxNkY5NDg4MjkwLmpwZw.jpg",
    "image_list": [
      "https://imgproxy-retcat.assets.schwarz/9or6EyasFnV7OGbdsibWHEqIfoOOQ2n7auAd3cjsTjo/sm:1/w:427/h:320/cz/M6Ly9wcm9kLWNhd/GFsb2ctbWVkaWEvc2kvMS85QjZDRjc4MUQxRUM3NzQzM0U5QTk5QzR/ENzdENkIzQ0FGQzM3RUU2NjdCQTUxMjFBMkU3MzIxNkY5NDg4MjkwLmpwZw.jpg"
    ],
    "image_accessibility": "Dva hlebčka bureka v pletenem košarčku.",
    "detailed_images": [
      {
        "url": "https://imgproxy-retcat.assets.schwarz/9or6EyasFnV7OGbdsibWHEqIfoOOQ2n7auAd3cjsTjo/sm:1/w:427/h:320/cz/M6Ly9wcm9kLWNhd/GFsb2ctbWVkaWEvc2kvMS85QjZDRjc4MUQxRUM3NzQzM0U5QTk5QzR/ENzdENkIzQ0FGQzM3RUU2NjdCQTUxMjFBMkU3MzIxNkY5NDg4MjkwLmpwZw.jpg",
        "accessibility": "Dva hlebčka bureka v pletenem košarčku."
      }
    ],
    "analytics_category": "Food",
    "more_details": "Dodatne podrobnosti o izdelku",
    "won_category_primary": "Svetovi potreb/Hrana in bližnja hrana/Klobase in meso",
    "won_category_primary_path": "0/17/1717",
    "canonical_path": "/p/mesni-burek/p10082694",
    "canonical_url": "/p/mesni-burek/p10082694",
    "awards": [],
    "seals": [
      {
        "altText": "Logotip Lidl Plus",
        "image": "https://imgproxy-retcat.assets.schwarz/DjNLhjIEpHeUFO-WYf3wploAS16YAf6tVgt5EMshyFs/sm:1/w:140/cz/M6Ly9wcm9kLWNhd/GFsb2ctbWVkaWEvc2kvMi9BMEU2QkJCNEZCQTZENzlEQ0MzRDRFOEM/2REREODBCRjMwQUNFQjJBMDBGREI4RjI1M0Y3MDYzOTFFMTg3RUVGLnBuZw.png"
      },
      {
        "altText": "Zlato priznanje 2025: Odličen pekarski izdelek",
        "image": "https://imgproxy-retcat.assets.schwarz/xfq5kZ5ofNXoAZChwp5Y15ZCt1pPyZ_OvaghVJgq2cw/sm:1/w:140/cz/M6Ly9wcm9kLWNhd/GFsb2ctbWVkaWEvc2kvMi81MEMzMEY3NkI2NkUwQjJBQjk2NkJDNkQ/xMEU4NDVFNkZFOUMwRjlDMzYzMjQwOUZBNzJDNDRGODU0MkEwREVDLnBuZw.png"
      }
    ],
    "ribbons": [],
    "highlighted_seals": 0,
    "lidl_plus": [
      {
        "price": {
          "basePrice": {
            "prefix": false,
            "text": "1 kg = 8.59"
          },
          "discount": {
            "deletedPrice": 2.59,
            "discountHasStar": false,
            "discountText": "- 27 %",
            "fromRecommendedPrice": false,
            "showDiscount": true,
            "showFrom": false,
            "showPercentage": true,
            "showUpTo": false
          },
          "displayedCurrency": "€",
          "hasStar": true,
          "hasVat": false,
          "oldPrice": 2.59,
          "packaging": {
            "text": "220 g"
          },
          "price": 1.89,
          "priceTheme": "red_yellow",
          "specialTaxes": []
        },
        "lidlPlusText": "z Lidl Plus",
        "highlightText": "- 27 %"
      }
    ],
    "regions": [],
    "ians": [
      "7306035"
    ],
    "show_brand": false,
    "deal_of_day_active": false,
    "full_title_meta": "Mesni burek",
    "lists": [
      4991
    ],
    "preview": false,
    "category_breadcrumbs": [
      {
        "id": "10068374",
        "name": "Hrana in pijača",
        "url": "/c/hrana-in-pijaca/s10068374",
        "hidden": false
      },
      {
        "id": "10071016",
        "name": "Meso in mesni izdelki",
        "url": "/h/meso-in-mesni-izdelki/h10071016",
        "hidden": false
      }
    ],
    "campaigns": [
      {
        "id": "Current_Sales_Week",
        "name": "Ta teden",
        "url": null,
        "hidden": false
      },
      {
        "id": "10024188",
        "name": "Lidl Plus",
        "url": "/c/lidl-plus/a10024188",
        "hidden": false
      }
    ],
    "world_of_needs_code": "1717",
    "world_of_needs_name": "Klobase in meso",
    "world_of_needs_parent": "17",
    "is_main_category": true,
    "super_categories": [
      {
        "code": "17",
        "name": "Hrana in bližnja hrana",
        "parent": "0"
      },
      {
        "code": "0",
        "name": "Svetovi potreb",
        "parent": ""
      }
    ],
    "position": 231,
    "tracking_payload": {
      "searchTrackingMasterId": "Product.10082694",
      "searchTrackingTitle": "Mesni+burek",
      "searchTrackingPageSize": 100,
      "searchTrackingPage": 3,
      "searchTrackingEvent": "click",
      "list": "search",
      "searchTrackingId": "Product.10082694",
      "searchTrackingOrigPos": 1,
      "searchTrackingPos": 231,
      "searchTrackingOrigPageSize": 100,
      "searchTrackingChannel": "SI",
      "category": "Food"
    }
  },
  {
    "code": "10082701",
    "name": "Izbor paštet",
    "url": "",
    "result_class": "product",
    "type": "product",
    "product_id": 10082701,
    "erp_number": "10082701",
    "item_id": 10082701,
    "full_title": "ARGETA Izbor paštet",
    "title": "Izbor paštet",
    "category": "Food",
    "product_type": "RETAIL",
    "age_restriction": false,
    "is_used_product": false,
    "multipack": false,
    "online": false,
    "store": false,
    "quick_add_to_cart": false,
    "flash_sales": false,
    "having_videos": false,
    "having_threesixty": false,
    "price": 1.39,
    "old_price": 0.0,
    "currency_code": "EUR",
    "currency_symbol": "€",
    "has_star": true,
    "has_vat": false,
    "price_theme": "white_red",
    "variants_have_different_prices": false,
    "base_price_text": null,
    "base_price_prefix": null,
    "packaging_text": "95 g",
    "discount_deleted_price": null,
    "discount_text": "že od",
    "discount_percentage": null,
    "discount_has_star": false,
    "show_discount": false,
    "show_percentage": false,
    "from_recommended_price": false,
    "availability_indicator": 0,
    "online_available": false,
    "min_orderable_quantity": 1,
    "orderable_quantities": [],
    "badge_texts": [
      "V trgovini od 10.07. do 16.07."
    ],
    "badge_types": [
      "IN_STORE_FROM_FUTURE_DATE_RANGE"
    ],
    "main_image": "https://imgproxy-retcat.assets.schwarz/XC43mZedlR54qPJhziDD4jZAPCSqrPJ_-5ZV1xluhYo/sm:1/w:427/h:320/cz/M6Ly9wcm9kLWNhd/GFsb2ctbWVkaWEvc2kvMS9GQzJDMzU5QjE2QkExMjExNDIxOEVFODQ/yNzYzODI1QjQ5RTJFNjFCQzIzRTEyRTdGQjBDRDhEMTNEMDA3N0ZDLmpwZw.jpg",
    "image_list": [
      "https://imgproxy-retcat.assets.schwarz/XC43mZedlR54qPJhziDD4jZAPCSqrPJ_-5ZV1xluhYo/sm:1/w:427/h:320/cz/M6Ly9wcm9kLWNhd/GFsb2ctbWVkaWEvc2kvMS9GQzJDMzU5QjE2QkExMjExNDIxOEVFODQ/yNzYzODI1QjQ5RTJFNjFCQzIzRTEyRTdGQjBDRDhEMTNEMDA3N0ZDLmpwZw.jpg",
      "https://imgproxy-retcat.assets.schwarz/4L6zyHqM10cFg1PoTTWUpdIqWaoyJvtriPHJcwoBwvo/sm:1/w:427/h:320/cz/M6Ly9wcm9kLWNhd/GFsb2ctbWVkaWEvc2kvMS85RDMwQTdCRjI2NjVEQzZENDFFM0MzOTg/0OUZEN0MwOEZBNjgyRDYwREY1N0M4QzU0MTI2QzYxRUM0MUI1RjdDLmpwZw.jpg",
      "https://imgproxy-retcat.assets.schwarz/regh6_4taI7efdZn4f4upqm3DrV9R0W2XEeqzREoK74/sm:1/w:427/h:320/cz/M6Ly9wcm9kLWNhd/GFsb2ctbWVkaWEvc2kvMS84QjI3NzMwNzI3MjA5RTEwN0YxOEIxRjV/FQTIwMkM3QkJBMDUzNzc1NTEzMTZBOTA4MTU5MUQ4NEY1N0UyMzZFLmpwZw.jpg"
    ],
    "image_accessibility": "Različne okusne Argeta paštete v posodah.",
    "detailed_images": [
      {
        "url": "https://imgproxy-retcat.assets.schwarz/XC43mZedlR54qPJhziDD4jZAPCSqrPJ_-5ZV1xluhYo/sm:1/w:427/h:320/cz/M6Ly9wcm9kLWNhd/GFsb2ctbWVkaWEvc2kvMS9GQzJDMzU5QjE2QkExMjExNDIxOEVFODQ/yNzYzODI1QjQ5RTJFNjFCQzIzRTEyRTdGQjBDRDhEMTNEMDA3N0ZDLmpwZw.jpg",
        "accessibility": "Različne okusne Argeta paštete v posodah."
      },
      {
        "url": "https://imgproxy-retcat.assets.schwarz/4L6zyHqM10cFg1PoTTWUpdIqWaoyJvtriPHJcwoBwvo/sm:1/w:427/h:320/cz/M6Ly9wcm9kLWNhd/GFsb2ctbWVkaWEvc2kvMS85RDMwQTdCRjI2NjVEQzZENDFFM0MzOTg/0OUZEN0MwOEZBNjgyRDYwREY1N0M4QzU0MTI2QzYxRUM0MUI1RjdDLmpwZw.jpg",
        "accessibility": "Pakovanje pikantne Argeta paštete."
      },
      {
        "url": "https://imgproxy-retcat.assets.schwarz/regh6_4taI7efdZn4f4upqm3DrV9R0W2XEeqzREoK74/sm:1/w:427/h:320/cz/M6Ly9wcm9kLWNhd/GFsb2ctbWVkaWEvc2kvMS84QjI3NzMwNzI3MjA5RTEwN0YxOEIxRjV/FQTIwMkM3QkJBMDUzNzc1NTEzMTZBOTA4MTU5MUQ4NEY1N0UyMzZFLmpwZw.jpg",
        "accessibility": "Argeta kokošja paštetna posoda."
      }
    ],
    "analytics_category": "Food",
    "more_details": "Dodatne podrobnosti o izdelku",
    "won_category_primary": "Svetovi potreb/Hrana in bližnja hrana/Klobase in meso",
    "won_category_primary_path": "0/17/1717",
    "canonical_path": "/p/argeta-izbor-pastet/p10082701",
    "canonical_url": "/p/argeta-izbor-pastet/p10082701",
    "awards": [],
    "seals": [],
    "ribbons": [],
    "highlighted_seals": 0,
    "lidl_plus": [],
    "regions": [],
    "ians": [
      "7302996"
    ],
    "show_brand": true,
    "deal_of_day_active": false,
    "full_title_meta": "ARGETA Izbor paštet",
    "lists": [
      4991
    ],
    "preview": false,
    "category_breadcrumbs": [
      {
        "id": "10068374",
        "name": "Hrana in pijača",
        "url": "/c/hrana-in-pijaca/s10068374",
        "hidden": false
      },
      {
        "id": "10071016",
        "name": "Meso in mesni izdelki",
        "url": "/h/meso-in-mesni-izdelki/h10071016",
        "hidden": false
      }
    ],
    "campaigns": [
      {
        "id": "Current_Sales_Week",
        "name": "Ta teden",
        "url": null,
        "hidden": false
      },
      {
        "id": "10075258",
        "name": "Tvoja Lidl cena",
        "url": "/c/tvoja-lidl-cena/a10075258",
        "hidden": false
      }
    ],
    "world_of_needs_code": "1717",
    "world_of_needs_name": "Klobase in meso",
    "world_of_needs_parent": "17",
    "is_main_category": true,
    "super_categories": [
      {
        "code": "17",
        "name": "Hrana in bližnja hrana",
        "parent": "0"
      },
      {
        "code": "0",
        "name": "Svetovi potreb",
        "parent": ""
      }
    ],
    "position": 232,
    "tracking_payload": {
      "searchTrackingMasterId": "Product.10082701",
      "searchTrackingTitle": "Izbor+pa%C5%A1tet",
      "searchTrackingPageSize": 100,
      "searchTrackingPage": 3,
      "searchTrackingEvent": "click",
      "list": "search",
      "searchTrackingId": "Product.10082701",
      "searchTrackingOrigPos": 1,
      "searchTrackingPos": 232,
      "searchTrackingOrigPageSize": 100,
      "searchTrackingChannel": "SI",
      "category": "Food"
    }
  },
  {
    "code": "10082709",
    "name": "Napolitanke",
    "url": "",
    "result_class": "product",
    "type": "product",
    "product_id": 10082709,
    "erp_number": "10082709",
    "item_id": 10082709,
    "full_title": "MANNER Napolitanke",
    "title": "Napolitanke",
    "category": "Food",
    "product_type": "RETAIL",
    "age_restriction": false,
    "is_used_product": false,
    "multipack": false,
    "online": false,
    "store": false,
    "quick_add_to_cart": false,
    "flash_sales": false,
    "having_videos": false,
    "having_threesixty": false,
    "price": 2.99,
    "old_price": 0.0,
    "currency_code": "EUR",
    "currency_symbol": "€",
    "has_star": true,
    "has_vat": false,
    "price_theme": "white_red",
    "variants_have_different_prices": false,
    "base_price_text": "1 kg = 9.97",
    "base_price_prefix": false,
    "packaging_text": "300 g (4 x 75 g)",
    "discount_deleted_price": null,
    "discount_text": null,
    "discount_percentage": null,
    "discount_has_star": null,
    "show_discount": null,
    "show_percentage": null,
    "from_recommended_price": null,
    "availability_indicator": 0,
    "online_available": false,
    "min_orderable_quantity": 1,
    "orderable_quantities": [],
    "badge_texts": [
      "od 14.07. v trgovini"
    ],
    "badge_types": [
      "IN_STORE_FROM_DATE_FUTURE"
    ],
    "main_image": "https://imgproxy-retcat.assets.schwarz/ZxRBg3Aipjglx3y8b4UnUjblt4sfu2IlOSc02OCYLMo/sm:1/w:427/h:320/cz/M6Ly9wcm9kLWNhd/GFsb2ctbWVkaWEvc2kvMS9GNzE0Qjk2QTQwNjRBODFBRThFQUY2MjI/3MUExQ0UzN0U2REQ5RTc4REIxODAzNzUwM0ZFMjMwNDE3QkMwQzk3LmpwZw.jpg",
    "image_list": [
      "https://imgproxy-retcat.assets.schwarz/ZxRBg3Aipjglx3y8b4UnUjblt4sfu2IlOSc02OCYLMo/sm:1/w:427/h:320/cz/M6Ly9wcm9kLWNhd/GFsb2ctbWVkaWEvc2kvMS9GNzE0Qjk2QTQwNjRBODFBRThFQUY2MjI/3MUExQ0UzN0U2REQ5RTc4REIxODAzNzUwM0ZFMjMwNDE3QkMwQzk3LmpwZw.jpg"
    ],
    "image_accessibility": "Pakiranje vafelj Manner z lešniki.",
    "detailed_images": [
      {
        "url": "https://imgproxy-retcat.assets.schwarz/ZxRBg3Aipjglx3y8b4UnUjblt4sfu2IlOSc02OCYLMo/sm:1/w:427/h:320/cz/M6Ly9wcm9kLWNhd/GFsb2ctbWVkaWEvc2kvMS9GNzE0Qjk2QTQwNjRBODFBRThFQUY2MjI/3MUExQ0UzN0U2REQ5RTc4REIxODAzNzUwM0ZFMjMwNDE3QkMwQzk3LmpwZw.jpg",
        "accessibility": "Pakiranje vafelj Manner z lešniki."
      }
    ],
    "analytics_category": "Food",
    "more_details": "Dodatne podrobnosti o izdelku",
    "won_category_primary": "Svetovi potreb/Hrana in bližnja hrana/Prigrizki in slaščice",
    "won_category_primary_path": "0/17/1721",
    "canonical_path": "/p/manner-napolitanke/p10082709",
    "canonical_url": "/p/manner-napolitanke/p10082709",
    "awards": [],
    "seals": [
      {
        "altText": "Fairtrade kakav",
        "image": "https://imgproxy-retcat.assets.schwarz/Ev56WuA4alomi2ueNXSfh4fTBQrmkb_e9o3Rn2ggm2Y/sm:1/w:140/cz/M6Ly9wcm9kLWNhd/GFsb2ctbWVkaWEvc2kvMi9EM0U1RTc1N0I2QzkzODFDMjVDMDU4NjR/BRTNGQ0NBRDVGQTM0RkE2NjRDQkU0QjczNkU3RjI5RTIyRkMwMjUzLnBuZw.png"
      }
    ],
    "ribbons": [],
    "highlighted_seals": 0,
    "lidl_plus": [],
    "regions": [],
    "ians": [
      "5002502"
    ],
    "show_brand": true,
    "deal_of_day_active": false,
    "full_title_meta": "MANNER Napolitanke",
    "lists": [
      4991
    ],
    "preview": false,
    "category_breadcrumbs": [
      {
        "id": "10068374",
        "name": "Hrana in pijača",
        "url": "/c/hrana-in-pijaca/s10068374",
        "hidden": false
      },
      {
        "id": "10071044",
        "name": "Prigrizki in sladkarije",
        "url": "/h/prigrizki-in-sladkarije/h10071044",
        "hidden": false
      }
    ],
    "campaigns": [
      {
        "id": "Next_Sales_Week",
        "name": "Naslednji teden",
        "url": null,
        "hidden": false
      },
      {
        "id": "10075265",
        "name": "Navdih Alp",
        "url": "/c/navdih-alp/a10075265",
        "hidden": false
      }
    ],
    "world_of_needs_code": "1721",
    "world_of_needs_name": "Prigrizki in slaščice",
    "world_of_needs_parent": "17",
    "is_main_category": true,
    "super_categories": [
      {
        "code": "17",
        "name": "Hrana in bližnja hrana",
        "parent": "0"
      },
      {
        "code": "0",
        "name": "Svetovi potreb",
        "parent": ""
      }
    ],
    "position": 233,
    "tracking_payload": {
      "searchTrackingMasterId": "Product.10082709",
      "searchTrackingTitle": "Napolitanke",
      "searchTrackingPageSize": 100,
      "searchTrackingPage": 3,
      "searchTrackingEvent": "click",
      "list": "search",
      "searchTrackingId": "Product.10082709",
      "searchTrackingOrigPos": 1,
      "searchTrackingPos": 233,
      "searchTrackingOrigPageSize": 100,
      "searchTrackingChannel": "SI",
      "category": "Food"
    }
  },
  {
    "code": "10082713",
    "name": "Cmoki",
    "url": "",
    "result_class": "product",
    "type": "product",
    "product_id": 10082713,
    "erp_number": "10082713",
    "item_id": 10082713,
    "full_title": "ALPENFEST Cmoki",
    "title": "Cmoki",
    "category": "Food",
    "product_type": "RETAIL",
    "age_restriction": false,
    "is_used_product": false,
    "multipack": false,
    "online": false,
    "store": false,
    "quick_add_to_cart": false,
    "flash_sales": false,
    "having_videos": false,
    "having_threesixty": false,
    "price": 2.99,
    "old_price": 0.0,
    "currency_code": "EUR",
    "currency_symbol": "€",
    "has_star": true,
    "has_vat": false,
    "price_theme": "white_red",
    "variants_have_different_prices": false,
    "base_price_text": "1 kg = 5.34",
    "base_price_prefix": false,
    "packaging_text": "560 g",
    "discount_deleted_price": null,
    "discount_text": "ZGRABITE PRILOŽNOST!",
    "discount_percentage": null,
    "discount_has_star": false,
    "show_discount": false,
    "show_percentage": false,
    "from_recommended_price": false,
    "availability_indicator": 0,
    "online_available": false,
    "min_orderable_quantity": 1,
    "orderable_quantities": [],
    "badge_texts": [
      "od 14.07. v trgovini"
    ],
    "badge_types": [
      "IN_STORE_FROM_DATE_FUTURE"
    ],
    "main_image": "https://imgproxy-retcat.assets.schwarz/-h5ORNH2_FgdYQhGui9aYm6HN4d0b3rGSZ0JRT7sG8w/sm:1/w:427/h:320/cz/M6Ly9wcm9kLWNhd/GFsb2ctbWVkaWEvc2kvMS9BNTBDQjgwMzM3MzkxRDMxODBCMjgzQkZ/ENzExNDBDRDFEQkVFODVEOEI2M0FFQ0ExMDZDOUE5MzE3Qjc0OUUyLmpwZw.jpg",
    "image_list": [
      "https://imgproxy-retcat.assets.schwarz/-h5ORNH2_FgdYQhGui9aYm6HN4d0b3rGSZ0JRT7sG8w/sm:1/w:427/h:320/cz/M6Ly9wcm9kLWNhd/GFsb2ctbWVkaWEvc2kvMS9BNTBDQjgwMzM3MzkxRDMxODBCMjgzQkZ/ENzExNDBDRDFEQkVFODVEOEI2M0FFQ0ExMDZDOUE5MzE3Qjc0OUUyLmpwZw.jpg",
      "https://imgproxy-retcat.assets.schwarz/Zyyzt3pJNzUYpgJIjvU_B0iW-vuOudSgitwi06WmnNw/sm:1/w:427/h:320/cz/M6Ly9wcm9kLWNhd/GFsb2ctbWVkaWEvc2kvMS9ENkJENTkzNkJGRkQ4N0I3NTNBMUQwODM/0RDQ2QjE2RkQ2MkJEM0NCNTEwMjFEMUFCRTRDOEI0NDUwQjUyN0EyLmpwZw.jpg",
      "https://imgproxy-retcat.assets.schwarz/Mmr0lunmTf8V-8aGpUB5AI3-FrHCLAJ8YB4Psx9TCj4/sm:1/w:427/h:320/cz/M6Ly9wcm9kLWNhd/GFsb2ctbWVkaWEvc2kvMS82QTI1M0QyQ0FFM0RGOTk0RUM0MUI0MTM/zNzgzREExRTA4RkQyMjg3MzA2OEQ2MEIyNUQxQTc1QkI3Q0FCNDgxLmpwZw.jpg"
    ],
    "image_accessibility": "Tri škatle skutnih štrukljev Nidel Test z različnimi nadevi: marelica, sliva in brusnica.",
    "detailed_images": [
      {
        "url": "https://imgproxy-retcat.assets.schwarz/-h5ORNH2_FgdYQhGui9aYm6HN4d0b3rGSZ0JRT7sG8w/sm:1/w:427/h:320/cz/M6Ly9wcm9kLWNhd/GFsb2ctbWVkaWEvc2kvMS9BNTBDQjgwMzM3MzkxRDMxODBCMjgzQkZ/ENzExNDBDRDFEQkVFODVEOEI2M0FFQ0ExMDZDOUE5MzE3Qjc0OUUyLmpwZw.jpg",
        "accessibility": "Tri škatle skutnih štrukljev Nidel Test z različnimi nadevi: marelica, sliva in brusnica."
      },
      {
        "url": "https://imgproxy-retcat.assets.schwarz/Zyyzt3pJNzUYpgJIjvU_B0iW-vuOudSgitwi06WmnNw/sm:1/w:427/h:320/cz/M6Ly9wcm9kLWNhd/GFsb2ctbWVkaWEvc2kvMS9ENkJENTkzNkJGRkQ4N0I3NTNBMUQwODM/0RDQ2QjE2RkQ2MkJEM0NCNTEwMjFEMUFCRTRDOEI0NDUwQjUyN0EyLmpwZw.jpg",
        "accessibility": "Paket skutnih cmokov z marelicami blagovne znamke Feodora."
      },
      {
        "url": "https://imgproxy-retcat.assets.schwarz/Mmr0lunmTf8V-8aGpUB5AI3-FrHCLAJ8YB4Psx9TCj4/sm:1/w:427/h:320/cz/M6Ly9wcm9kLWNhd/GFsb2ctbWVkaWEvc2kvMS82QTI1M0QyQ0FFM0RGOTk0RUM0MUI0MTM/zNzgzREExRTA4RkQyMjg3MzA2OEQ2MEIyNUQxQTc1QkI3Q0FCNDgxLmpwZw.jpg",
        "accessibility": "Pakiranje Fructalovcev štrudljev s slivami."
      }
    ],
    "analytics_category": "Food",
    "more_details": "Dodatne podrobnosti o izdelku",
    "won_category_primary": "Svetovi potreb/Hrana in bližnja hrana/Prigrizki in slaščice",
    "won_category_primary_path": "0/17/1721",
    "canonical_path": "/p/alpenfest-cmoki/p10082713",
    "canonical_url": "/p/alpenfest-cmoki/p10082713",
    "awards": [],
    "seals": [
      {
        "altText": "Znak: Zamrznjeno",
        "image": "https://imgproxy-retcat.assets.schwarz/ayWyw20LfIYJzOhoc4KvR8G0z3S3CSGFD0vHUIK3dgY/sm:1/w:140/cz/M6Ly9wcm9kLWNhd/GFsb2ctbWVkaWEvc2kvMi81NkZCNjYzMzA5NkRFMERFNzUzNEI1ODY/xRDQ4Q0MxRTkxQkUzNUMxOTBGNTAyMURGMjJGODEyQzk0ODhCNTYwLnBuZw.png"
      }
    ],
    "ribbons": [],
    "highlighted_seals": 0,
    "lidl_plus": [],
    "regions": [],
    "ians": [
      "5005862"
    ],
    "show_brand": true,
    "deal_of_day_active": false,
    "full_title_meta": "ALPENFEST Cmoki",
    "lists": [
      4991
    ],
    "preview": false,
    "category_breadcrumbs": [
      {
        "id": "10068374",
        "name": "Hrana in pijača",
        "url": "/c/hrana-in-pijaca/s10068374",
        "hidden": false
      },
      {
        "id": "10071044",
        "name": "Prigrizki in sladkarije",
        "url": "/h/prigrizki-in-sladkarije/h10071044",
        "hidden": false
      }
    ],
    "campaigns": [
      {
        "id": "Next_Sales_Week",
        "name": "Naslednji teden",
        "url": null,
        "hidden": false
      },
      {
        "id": "10075265",
        "name": "Navdih Alp",
        "url": "/c/navdih-alp/a10075265",
        "hidden": false
      }
    ],
    "world_of_needs_code": "1721",
    "world_of_needs_name": "Prigrizki in slaščice",
    "world_of_needs_parent": "17",
    "is_main_category": true,
    "super_categories": [
      {
        "code": "17",
        "name": "Hrana in bližnja hrana",
        "parent": "0"
      },
      {
        "code": "0",
        "name": "Svetovi potreb",
        "parent": ""
      }
    ],
    "position": 234,
    "tracking_payload": {
      "searchTrackingMasterId": "Product.10082713",
      "searchTrackingTitle": "Cmoki",
      "searchTrackingPageSize": 100,
      "searchTrackingPage": 3,
      "searchTrackingEvent": "click",
      "list": "search",
      "searchTrackingId": "Product.10082713",
      "searchTrackingOrigPos": 1,
      "searchTrackingPos": 234,
      "searchTrackingOrigPageSize": 100,
      "searchTrackingChannel": "SI",
      "category": "Food"
    }
  },
  {
    "code": "10082721",
    "name": "Mešanica vafljev",
    "url": "",
    "result_class": "product",
    "type": "product",
    "product_id": 10082721,
    "erp_number": "10082721",
    "item_id": 10082721,
    "full_title": "ALPENFEST Mešanica vafljev",
    "title": "Mešanica vafljev",
    "category": "Food",
    "product_type": "RETAIL",
    "age_restriction": false,
    "is_used_product": false,
    "multipack": false,
    "online": false,
    "store": false,
    "quick_add_to_cart": false,
    "flash_sales": false,
    "having_videos": false,
    "having_threesixty": false,
    "price": 4.99,
    "old_price": 0.0,
    "currency_code": "EUR",
    "currency_symbol": "€",
    "has_star": true,
    "has_vat": false,
    "price_theme": "white_red",
    "variants_have_different_prices": false,
    "base_price_text": "1 kg = 8.32",
    "base_price_prefix": false,
    "packaging_text": "600 g",
    "discount_deleted_price": null,
    "discount_text": null,
    "discount_percentage": null,
    "discount_has_star": null,
    "show_discount": null,
    "show_percentage": null,
    "from_recommended_price": null,
    "availability_indicator": 0,
    "online_available": false,
    "min_orderable_quantity": 1,
    "orderable_quantities": [],
    "badge_texts": [
      "od 14.07. v trgovini"
    ],
    "badge_types": [
      "IN_STORE_FROM_DATE_FUTURE"
    ],
    "main_image": "https://imgproxy-retcat.assets.schwarz/59YyHVuHCxlQ4lrelCtb2lOrxYYj_-NFKzwVQpNsT6g/sm:1/w:427/h:320/cz/M6Ly9wcm9kLWNhd/GFsb2ctbWVkaWEvc2kvMS9BRDZCQzQyREJGQ0RBNThCMDczMDk5NTA/5MEM2NTJBOEI4NzdDNjk4OTc2MUI1OTA5NzMxMzg4QzQzOEVENTE4LmpwZw.jpg",
    "image_list": [
      "https://imgproxy-retcat.assets.schwarz/59YyHVuHCxlQ4lrelCtb2lOrxYYj_-NFKzwVQpNsT6g/sm:1/w:427/h:320/cz/M6Ly9wcm9kLWNhd/GFsb2ctbWVkaWEvc2kvMS9BRDZCQzQyREJGQ0RBNThCMDczMDk5NTA/5MEM2NTJBOEI4NzdDNjk4OTc2MUI1OTA5NzMxMzg4QzQzOEVENTE4LmpwZw.jpg"
    ],
    "image_accessibility": "Posoda s koščki različnih vrst sira.",
    "detailed_images": [
      {
        "url": "https://imgproxy-retcat.assets.schwarz/59YyHVuHCxlQ4lrelCtb2lOrxYYj_-NFKzwVQpNsT6g/sm:1/w:427/h:320/cz/M6Ly9wcm9kLWNhd/GFsb2ctbWVkaWEvc2kvMS9BRDZCQzQyREJGQ0RBNThCMDczMDk5NTA/5MEM2NTJBOEI4NzdDNjk4OTc2MUI1OTA5NzMxMzg4QzQzOEVENTE4LmpwZw.jpg",
        "accessibility": "Posoda s koščki različnih vrst sira."
      }
    ],
    "analytics_category": "Food",
    "more_details": "Dodatne podrobnosti o izdelku",
    "won_category_primary": "Svetovi potreb/Hrana in bližnja hrana/Kruh in pekovsko pecivo",
    "won_category_primary_path": "0/17/1713",
    "canonical_path": "/p/alpenfest-mesanica-vafljev/p10082721",
    "canonical_url": "/p/alpenfest-mesanica-vafljev/p10082721",
    "awards": [],
    "seals": [
      {
        "altText": "Fairtrade kakav",
        "image": "https://imgproxy-retcat.assets.schwarz/Ev56WuA4alomi2ueNXSfh4fTBQrmkb_e9o3Rn2ggm2Y/sm:1/w:140/cz/M6Ly9wcm9kLWNhd/GFsb2ctbWVkaWEvc2kvMi9EM0U1RTc1N0I2QzkzODFDMjVDMDU4NjR/BRTNGQ0NBRDVGQTM0RkE2NjRDQkU0QjczNkU3RjI5RTIyRkMwMjUzLnBuZw.png"
      }
    ],
    "ribbons": [],
    "highlighted_seals": 0,
    "lidl_plus": [],
    "regions": [],
    "ians": [
      "32160"
    ],
    "show_brand": true,
    "deal_of_day_active": false,
    "full_title_meta": "ALPENFEST Mešanica vafljev",
    "lists": [
      4991
    ],
    "preview": false,
    "category_breadcrumbs": [
      {
        "id": "10068374",
        "name": "Hrana in pijača",
        "url": "/c/hrana-in-pijaca/s10068374",
        "hidden": false
      },
      {
        "id": "10071015",
        "name": "Kruh in pekovski izdelki",
        "url": "/h/kruh-in-pekovski-izdelki/h10071015",
        "hidden": false
      }
    ],
    "campaigns": [
      {
        "id": "Next_Sales_Week",
        "name": "Naslednji teden",
        "url": null,
        "hidden": false
      },
      {
        "id": "10075265",
        "name": "Navdih Alp",
        "url": "/c/navdih-alp/a10075265",
        "hidden": false
      }
    ],
    "world_of_needs_code": "1713",
    "world_of_needs_name": "Kruh in pekovsko pecivo",
    "world_of_needs_parent": "17",
    "is_main_category": true,
    "super_categories": [
      {
        "code": "17",
        "name": "Hrana in bližnja hrana",
        "parent": "0"
      },
      {
        "code": "0",
        "name": "Svetovi potreb",
        "parent": ""
      }
    ],
    "position": 235,
    "tracking_payload": {
      "searchTrackingMasterId": "Product.10082721",
      "searchTrackingTitle": "Me%C5%A1anica+vafljev",
      "searchTrackingPageSize": 100,
      "searchTrackingPage": 3,
      "searchTrackingEvent": "click",
      "list": "search",
      "searchTrackingId": "Product.10082721",
      "searchTrackingOrigPos": 1,
      "searchTrackingPos": 235,
      "searchTrackingOrigPageSize": 100,
      "searchTrackingChannel": "SI",
      "category": "Food"
    }
  },
  {
    "code": "10082725",
    "name": "Čips",
    "url": "",
    "result_class": "product",
    "type": "product",
    "product_id": 10082725,
    "erp_number": "10082725",
    "item_id": 10082725,
    "full_title": "ALPENFEST Čips",
    "title": "Čips",
    "category": "Food",
    "product_type": "RETAIL",
    "age_restriction": false,
    "is_used_product": false,
    "multipack": false,
    "online": false,
    "store": false,
    "quick_add_to_cart": false,
    "flash_sales": false,
    "having_videos": false,
    "having_threesixty": false,
    "price": 1.59,
    "old_price": 0.0,
    "currency_code": "EUR",
    "currency_symbol": "€",
    "has_star": true,
    "has_vat": false,
    "price_theme": "white_red",
    "variants_have_different_prices": false,
    "base_price_text": "1 kg = 7.95",
    "base_price_prefix": false,
    "packaging_text": "200 g",
    "discount_deleted_price": null,
    "discount_text": null,
    "discount_percentage": null,
    "discount_has_star": null,
    "show_discount": null,
    "show_percentage": null,
    "from_recommended_price": null,
    "availability_indicator": 0,
    "online_available": false,
    "min_orderable_quantity": 1,
    "orderable_quantities": [],
    "badge_texts": [
      "od 14.07. v trgovini"
    ],
    "badge_types": [
      "IN_STORE_FROM_DATE_FUTURE"
    ],
    "main_image": "https://imgproxy-retcat.assets.schwarz/JOYD1sg5KX16XJ1OfIvURxuaL6pldKrnuP0gWGPsGb0/sm:1/w:427/h:320/cz/M6Ly9wcm9kLWNhd/GFsb2ctbWVkaWEvc2kvMS9FNjU5NjM4ODlBNjc1RjFFMjZBQjM3QjM/0QjI4OUYyQkUzRjA0QjkxRkMzRTVDNUYxOTRCMkZGNzkyOThEMkRFLmpwZw.jpg",
    "image_list": [
      "https://imgproxy-retcat.assets.schwarz/JOYD1sg5KX16XJ1OfIvURxuaL6pldKrnuP0gWGPsGb0/sm:1/w:427/h:320/cz/M6Ly9wcm9kLWNhd/GFsb2ctbWVkaWEvc2kvMS9FNjU5NjM4ODlBNjc1RjFFMjZBQjM3QjM/0QjI4OUYyQkUzRjA0QjkxRkMzRTVDNUYxOTRCMkZGNzkyOThEMkRFLmpwZw.jpg",
      "https://imgproxy-retcat.assets.schwarz/FnggAFlxh9Bxck_Vv0sPsY5Js0JyvNhNkuQaPdySNfU/sm:1/w:427/h:320/cz/M6Ly9wcm9kLWNhd/GFsb2ctbWVkaWEvc2kvMS8wNTM5NzM4NjcxMjIxQTExNEY3Mjg1ODF/DMEQ2QTdBMURFRkZBNDlBREMxQ0RBM0NDQkQzOERDODJDOUM5RUU0LmpwZw.jpg",
      "https://imgproxy-retcat.assets.schwarz/jbZ5eXryyGDEix_WLv-avvcPu7mQ33Nqc_4TnxBeWs8/sm:1/w:427/h:320/cz/M6Ly9wcm9kLWNhd/GFsb2ctbWVkaWEvc2kvMS9CMUMyOTU1RTdCODAzMTBCQjVCNTkwNEN/CMEI4MDU5NjUyQzEzRDg0ODdBMEY2OUQ2Nzg3RDc1OUNFNDA3ODUwLmpwZw.jpg"
    ],
    "image_accessibility": "Dve vrečki čipsa Lesieur, okus sira in klasični.",
    "detailed_images": [
      {
        "url": "https://imgproxy-retcat.assets.schwarz/JOYD1sg5KX16XJ1OfIvURxuaL6pldKrnuP0gWGPsGb0/sm:1/w:427/h:320/cz/M6Ly9wcm9kLWNhd/GFsb2ctbWVkaWEvc2kvMS9FNjU5NjM4ODlBNjc1RjFFMjZBQjM3QjM/0QjI4OUYyQkUzRjA0QjkxRkMzRTVDNUYxOTRCMkZGNzkyOThEMkRFLmpwZw.jpg",
        "accessibility": "Dve vrečki čipsa Lesieur, okus sira in klasični."
      },
      {
        "url": "https://imgproxy-retcat.assets.schwarz/FnggAFlxh9Bxck_Vv0sPsY5Js0JyvNhNkuQaPdySNfU/sm:1/w:427/h:320/cz/M6Ly9wcm9kLWNhd/GFsb2ctbWVkaWEvc2kvMS8wNTM5NzM4NjcxMjIxQTExNEY3Mjg1ODF/DMEQ2QTdBMURFRkZBNDlBREMxQ0RBM0NDQkQzOERDODJDOUM5RUU0LmpwZw.jpg",
        "accessibility": "Paket čipsov Febo s krompirjem."
      },
      {
        "url": "https://imgproxy-retcat.assets.schwarz/jbZ5eXryyGDEix_WLv-avvcPu7mQ33Nqc_4TnxBeWs8/sm:1/w:427/h:320/cz/M6Ly9wcm9kLWNhd/GFsb2ctbWVkaWEvc2kvMS9CMUMyOTU1RTdCODAzMTBCQjVCNTkwNEN/CMEI4MDU5NjUyQzEzRDg0ODdBMEY2OUQ2Nzg3RDc1OUNFNDA3ODUwLmpwZw.jpg",
        "accessibility": "Paket hrustljavih čipsov Feti s krompirjem."
      }
    ],
    "analytics_category": "Food",
    "more_details": "Dodatne podrobnosti o izdelku",
    "won_category_primary": "Svetovi potreb/Hrana in bližnja hrana/Prigrizki in slaščice",
    "won_category_primary_path": "0/17/1721",
    "canonical_path": "/p/alpenfest-cips/p10082725",
    "canonical_url": "/p/alpenfest-cips/p10082725",
    "awards": [],
    "seals": [],
    "ribbons": [],
    "highlighted_seals": 0,
    "lidl_plus": [],
    "regions": [],
    "ians": [
      "120701"
    ],
    "show_brand": true,
    "deal_of_day_active": false,
    "full_title_meta": "ALPENFEST Čips",
    "lists": [
      4991
    ],
    "preview": false,
    "category_breadcrumbs": [
      {
        "id": "10068374",
        "name": "Hrana in pijača",
        "url": "/c/hrana-in-pijaca/s10068374",
        "hidden": false
      },
      {
        "id": "10071044",
        "name": "Prigrizki in sladkarije",
        "url": "/h/prigrizki-in-sladkarije/h10071044",
        "hidden": false
      }
    ],
    "campaigns": [
      {
        "id": "Next_Sales_Week",
        "name": "Naslednji teden",
        "url": null,
        "hidden": false
      },
      {
        "id": "10075265",
        "name": "Navdih Alp",
        "url": "/c/navdih-alp/a10075265",
        "hidden": false
      }
    ],
    "world_of_needs_code": "1721",
    "world_of_needs_name": "Prigrizki in slaščice",
    "world_of_needs_parent": "17",
    "is_main_category": true,
    "super_categories": [
      {
        "code": "17",
        "name": "Hrana in bližnja hrana",
        "parent": "0"
      },
      {
        "code": "0",
        "name": "Svetovi potreb",
        "parent": ""
      }
    ],
    "position": 236,
    "tracking_payload": {
      "searchTrackingMasterId": "Product.10082725",
      "searchTrackingTitle": "%C4%8Cips",
      "searchTrackingPageSize": 100,
      "searchTrackingPage": 3,
      "searchTrackingEvent": "click",
      "list": "search",
      "searchTrackingId": "Product.10082725",
      "searchTrackingOrigPos": 1,
      "searchTrackingPos": 236,
      "searchTrackingOrigPageSize": 100,
      "searchTrackingChannel": "SI",
      "category": "Food"
    }
  },
  {
    "code": "10082733",
    "name": "Mini svinjske krače",
    "url": "",
    "result_class": "product",
    "type": "product",
    "product_id": 10082733,
    "erp_number": "10082733",
    "item_id": 10082733,
    "full_title": "ALPENFEST Mini svinjske krače",
    "title": "Mini svinjske krače",
    "category": "Food",
    "product_type": "RETAIL",
    "age_restriction": false,
    "is_used_product": false,
    "multipack": false,
    "online": false,
    "store": false,
    "quick_add_to_cart": false,
    "flash_sales": false,
    "having_videos": false,
    "having_threesixty": false,
    "price": 4.99,
    "old_price": 0.0,
    "currency_code": "EUR",
    "currency_symbol": "€",
    "has_star": true,
    "has_vat": false,
    "price_theme": "white_red",
    "variants_have_different_prices": false,
    "base_price_text": "1 kg = 9.98",
    "base_price_prefix": false,
    "packaging_text": "500 g",
    "discount_deleted_price": null,
    "discount_text": null,
    "discount_percentage": null,
    "discount_has_star": null,
    "show_discount": null,
    "show_percentage": null,
    "from_recommended_price": null,
    "availability_indicator": 0,
    "online_available": false,
    "min_orderable_quantity": 1,
    "orderable_quantities": [],
    "badge_texts": [
      "od 14.07. v trgovini"
    ],
    "badge_types": [
      "IN_STORE_FROM_DATE_FUTURE"
    ],
    "main_image": "https://imgproxy-retcat.assets.schwarz/tM3DY2lAWqnjTrqF_ugHRamQB2ud4r4tSITYjK0aC44/sm:1/w:427/h:320/cz/M6Ly9wcm9kLWNhd/GFsb2ctbWVkaWEvc2kvMS8zMzkwOEU1RUQ2NjJCQjlBQTAwOTI4MjB/CQkE2Njc0MkNCMTIyN0IwMjgyODlEODZFQjFFNkNENzA3NzYwQ0Q2LmpwZw.jpg",
    "image_list": [
      "https://imgproxy-retcat.assets.schwarz/tM3DY2lAWqnjTrqF_ugHRamQB2ud4r4tSITYjK0aC44/sm:1/w:427/h:320/cz/M6Ly9wcm9kLWNhd/GFsb2ctbWVkaWEvc2kvMS8zMzkwOEU1RUQ2NjJCQjlBQTAwOTI4MjB/CQkE2Njc0MkNCMTIyN0IwMjgyODlEODZFQjFFNkNENzA3NzYwQ0Q2LmpwZw.jpg"
    ],
    "image_accessibility": "Paket Surova Fest svinjskih kolen (500g)",
    "detailed_images": [
      {
        "url": "https://imgproxy-retcat.assets.schwarz/tM3DY2lAWqnjTrqF_ugHRamQB2ud4r4tSITYjK0aC44/sm:1/w:427/h:320/cz/M6Ly9wcm9kLWNhd/GFsb2ctbWVkaWEvc2kvMS8zMzkwOEU1RUQ2NjJCQjlBQTAwOTI4MjB/CQkE2Njc0MkNCMTIyN0IwMjgyODlEODZFQjFFNkNENzA3NzYwQ0Q2LmpwZw.jpg",
        "accessibility": "Paket Surova Fest svinjskih kolen (500g)"
      }
    ],
    "analytics_category": "Food",
    "more_details": "Dodatne podrobnosti o izdelku",
    "won_category_primary": "Svetovi potreb/Hrana in bližnja hrana/Klobase in meso",
    "won_category_primary_path": "0/17/1717",
    "canonical_path": "/p/alpenfest-mini-svinjske-krace/p10082733",
    "canonical_url": "/p/alpenfest-mini-svinjske-krace/p10082733",
    "awards": [],
    "seals": [
      {
        "altText": "Nalepka: Hlajeno",
        "image": "https://imgproxy-retcat.assets.schwarz/7x3Iby7aD19hFySDnP2YoXt7E1r0JrvJVj0QO1gUOes/sm:1/w:140/cz/M6Ly9wcm9kLWNhd/GFsb2ctbWVkaWEvc2kvMi8xMzFBN0E2RDlCREZGREQxOEE2OTFDNEZ/FNDE5RTM0QUMxQjY4OEQ0OUY2QTAxMTRDRjQ1RjdCNTNDRjM2NUJBLnBuZw.png"
      }
    ],
    "ribbons": [],
    "highlighted_seals": 0,
    "lidl_plus": [],
    "regions": [],
    "ians": [
      "128565"
    ],
    "show_brand": true,
    "deal_of_day_active": false,
    "full_title_meta": "ALPENFEST Mini svinjske krače",
    "lists": [
      4991
    ],
    "preview": false,
    "category_breadcrumbs": [
      {
        "id": "10068374",
        "name": "Hrana in pijača",
        "url": "/c/hrana-in-pijaca/s10068374",
        "hidden": false
      },
      {
        "id": "10071016",
        "name": "Meso in mesni izdelki",
        "url": "/h/meso-in-mesni-izdelki/h10071016",
        "hidden": false
      }
    ],
    "campaigns": [
      {
        "id": "Next_Sales_Week",
        "name": "Naslednji teden",
        "url": null,
        "hidden": false
      },
      {
        "id": "10075265",
        "name": "Navdih Alp",
        "url": "/c/navdih-alp/a10075265",
        "hidden": false
      }
    ],
    "world_of_needs_code": "1717",
    "world_of_needs_name": "Klobase in meso",
    "world_of_needs_parent": "17",
    "is_main_category": true,
    "super_categories": [
      {
        "code": "17",
        "name": "Hrana in bližnja hrana",
        "parent": "0"
      },
      {
        "code": "0",
        "name": "Svetovi potreb",
        "parent": ""
      }
    ],
    "position": 237,
    "tracking_payload": {
      "searchTrackingMasterId": "Product.10082733",
      "searchTrackingTitle": "Mini+svinjske+kra%C4%8De",
      "searchTrackingPageSize": 100,
      "searchTrackingPage": 3,
      "searchTrackingEvent": "click",
      "list": "search",
      "searchTrackingId": "Product.10082733",
      "searchTrackingOrigPos": 1,
      "searchTrackingPos": 237,
      "searchTrackingOrigPageSize": 100,
      "searchTrackingChannel": "SI",
      "category": "Food"
    }
  },
  {
    "code": "10082737",
    "name": "Panirani krompirjevi prigrizki",
    "url": "",
    "result_class": "product",
    "type": "product",
    "product_id": 10082737,
    "erp_number": "10082737",
    "item_id": 10082737,
    "full_title": "ALPENFEST Panirani krompirjevi prigrizki",
    "title": "Panirani krompirjevi prigrizki",
    "category": "Food",
    "product_type": "RETAIL",
    "age_restriction": false,
    "is_used_product": false,
    "multipack": false,
    "online": false,
    "store": false,
    "quick_add_to_cart": false,
    "flash_sales": false,
    "having_videos": false,
    "having_threesixty": false,
    "price": 1.99,
    "old_price": 0.0,
    "currency_code": "EUR",
    "currency_symbol": "€",
    "has_star": true,
    "has_vat": false,
    "price_theme": "white_red",
    "variants_have_different_prices": false,
    "base_price_text": "1 kg = 2.65",
    "base_price_prefix": false,
    "packaging_text": "750 g",
    "discount_deleted_price": null,
    "discount_text": null,
    "discount_percentage": null,
    "discount_has_star": null,
    "show_discount": null,
    "show_percentage": null,
    "from_recommended_price": null,
    "availability_indicator": 0,
    "online_available": false,
    "min_orderable_quantity": 1,
    "orderable_quantities": [],
    "badge_texts": [
      "od 14.07. v trgovini"
    ],
    "badge_types": [
      "IN_STORE_FROM_DATE_FUTURE"
    ],
    "main_image": "https://imgproxy-retcat.assets.schwarz/GiF8kYbrB_W_obyMKxS4pSg28aqaJCD_lBwFY3dNj1c/sm:1/w:427/h:320/cz/M6Ly9wcm9kLWNhd/GFsb2ctbWVkaWEvc2kvMS80ODEyNTVGRjgzODUzNUZDOTdDMjhGQjN/BRjI4MEQ2QTc4Q0ZDOTM2QUVGRUZEN0E1NUJGNTA4RjE4NzE3OEIyLmpwZw.jpg",
    "image_list": [
      "https://imgproxy-retcat.assets.schwarz/GiF8kYbrB_W_obyMKxS4pSg28aqaJCD_lBwFY3dNj1c/sm:1/w:427/h:320/cz/M6Ly9wcm9kLWNhd/GFsb2ctbWVkaWEvc2kvMS80ODEyNTVGRjgzODUzNUZDOTdDMjhGQjN/BRjI4MEQ2QTc4Q0ZDOTM2QUVGRUZEN0E1NUJGNTA4RjE4NzE3OEIyLmpwZw.jpg",
      "https://imgproxy-retcat.assets.schwarz/1lF7mr5W-oHY6ItX4gxBzs4rr4eUeSiUqy2ycZIvQ5Y/sm:1/w:427/h:320/cz/M6Ly9wcm9kLWNhd/GFsb2ctbWVkaWEvc2kvMS9GODVBODg3NzdDODI5OTFEOUJGRDk5QTd/GNUMzODcwQUYxMTQ2Njc0OTc0RjBGODUxRUFFMTIwMzVDNDE2Rjg2LmpwZw.jpg",
      "https://imgproxy-retcat.assets.schwarz/_DZwPkHK-hCgL75P1W27EiF7iTPG44yUdaSzgO8uUpg/sm:1/w:427/h:320/cz/M6Ly9wcm9kLWNhd/GFsb2ctbWVkaWEvc2kvMS83NTlEQzA2RDNGMkI4NzBCRjdFNTY1MjA/wMzEwQUUyMjZGM0U5ODVDNDQ4RDlGOTg0RTQ4OUE2QzFENjZFNUMzLmpwZw.jpg"
    ],
    "image_accessibility": "Pakiranja zamrznjenih Test izdelkov: Rlati Ecken in Potato Croquettes.",
    "detailed_images": [
      {
        "url": "https://imgproxy-retcat.assets.schwarz/GiF8kYbrB_W_obyMKxS4pSg28aqaJCD_lBwFY3dNj1c/sm:1/w:427/h:320/cz/M6Ly9wcm9kLWNhd/GFsb2ctbWVkaWEvc2kvMS80ODEyNTVGRjgzODUzNUZDOTdDMjhGQjN/BRjI4MEQ2QTc4Q0ZDOTM2QUVGRUZEN0E1NUJGNTA4RjE4NzE3OEIyLmpwZw.jpg",
        "accessibility": "Pakiranja zamrznjenih Test izdelkov: Rlati Ecken in Potato Croquettes."
      },
      {
        "url": "https://imgproxy-retcat.assets.schwarz/1lF7mr5W-oHY6ItX4gxBzs4rr4eUeSiUqy2ycZIvQ5Y/sm:1/w:427/h:320/cz/M6Ly9wcm9kLWNhd/GFsb2ctbWVkaWEvc2kvMS9GODVBODg3NzdDODI5OTFEOUJGRDk5QTd/GNUMzODcwQUYxMTQ2Njc0OTc0RjBGODUxRUFFMTIwMzVDNDE2Rjg2LmpwZw.jpg",
        "accessibility": "Zamrznjeni krompirjevi kroketi Markt Fest."
      },
      {
        "url": "https://imgproxy-retcat.assets.schwarz/_DZwPkHK-hCgL75P1W27EiF7iTPG44yUdaSzgO8uUpg/sm:1/w:427/h:320/cz/M6Ly9wcm9kLWNhd/GFsb2ctbWVkaWEvc2kvMS83NTlEQzA2RDNGMkI4NzBCRjdFNTY1MjA/wMzEwQUUyMjZGM0U5ODVDNDQ4RDlGOTg0RTQ4OUE2QzFENjZFNUMzLmpwZw.jpg",
        "accessibility": "Zamrznjeni krompirjevi Rösti Ecken Markt Fest."
      }
    ],
    "analytics_category": "Food",
    "more_details": "Dodatne podrobnosti o izdelku",
    "won_category_primary": "Svetovi potreb/Hrana in bližnja hrana/Prigrizki in slaščice",
    "won_category_primary_path": "0/17/1721",
    "canonical_path": "/p/alpenfest-panirani-krompirjevi-prigrizki/p10082737",
    "canonical_url": "/p/alpenfest-panirani-krompirjevi-prigrizki/p10082737",
    "awards": [],
    "seals": [
      {
        "altText": "Znak: Zamrznjeno",
        "image": "https://imgproxy-retcat.assets.schwarz/ayWyw20LfIYJzOhoc4KvR8G0z3S3CSGFD0vHUIK3dgY/sm:1/w:140/cz/M6Ly9wcm9kLWNhd/GFsb2ctbWVkaWEvc2kvMi81NkZCNjYzMzA5NkRFMERFNzUzNEI1ODY/xRDQ4Q0MxRTkxQkUzNUMxOTBGNTAyMURGMjJGODEyQzk0ODhCNTYwLnBuZw.png"
      }
    ],
    "ribbons": [],
    "highlighted_seals": 0,
    "lidl_plus": [],
    "regions": [],
    "ians": [
      "13145"
    ],
    "show_brand": true,
    "deal_of_day_active": false,
    "full_title_meta": "ALPENFEST Panirani krompirjevi prigrizki",
    "lists": [
      4991
    ],
    "preview": false,
    "category_breadcrumbs": [
      {
        "id": "10068374",
        "name": "Hrana in pijača",
        "url": "/c/hrana-in-pijaca/s10068374",
        "hidden": false
      },
      {
        "id": "10071044",
        "name": "Prigrizki in sladkarije",
        "url": "/h/prigrizki-in-sladkarije/h10071044",
        "hidden": false
      }
    ],
    "campaigns": [
      {
        "id": "Next_Sales_Week",
        "name": "Naslednji teden",
        "url": null,
        "hidden": false
      },
      {
        "id": "10075265",
        "name": "Navdih Alp",
        "url": "/c/navdih-alp/a10075265",
        "hidden": false
      }
    ],
    "world_of_needs_code": "1721",
    "world_of_needs_name": "Prigrizki in slaščice",
    "world_of_needs_parent": "17",
    "is_main_category": true,
    "super_categories": [
      {
        "code": "17",
        "name": "Hrana in bližnja hrana",
        "parent": "0"
      },
      {
        "code": "0",
        "name": "Svetovi potreb",
        "parent": ""
      }
    ],
    "position": 238,
    "tracking_payload": {
      "searchTrackingMasterId": "Product.10082737",
      "searchTrackingTitle": "Panirani+krompirjevi+prigrizki",
      "searchTrackingPageSize": 100,
      "searchTrackingPage": 3,
      "searchTrackingEvent": "click",
      "list": "search",
      "searchTrackingId": "Product.10082737",
      "searchTrackingOrigPos": 1,
      "searchTrackingPos": 238,
      "searchTrackingOrigPageSize": 100,
      "searchTrackingChannel": "SI",
      "category": "Food"
    }
  },
  {
    "code": "10082739",
    "name": "Slane prestice",
    "url": "",
    "result_class": "product",
    "type": "product",
    "product_id": 10082739,
    "erp_number": "10082739",
    "item_id": 10082739,
    "full_title": "ALPENFEST Slane prestice",
    "title": "Slane prestice",
    "category": "Food",
    "product_type": "RETAIL",
    "age_restriction": false,
    "is_used_product": false,
    "multipack": false,
    "online": false,
    "store": false,
    "quick_add_to_cart": false,
    "flash_sales": false,
    "having_videos": false,
    "having_threesixty": false,
    "price": 0.69,
    "old_price": 0.0,
    "currency_code": "EUR",
    "currency_symbol": "€",
    "has_star": true,
    "has_vat": false,
    "price_theme": "white_red",
    "variants_have_different_prices": false,
    "base_price_text": "1 kg = 3.45",
    "base_price_prefix": false,
    "packaging_text": "200 g",
    "discount_deleted_price": null,
    "discount_text": null,
    "discount_percentage": null,
    "discount_has_star": null,
    "show_discount": null,
    "show_percentage": null,
    "from_recommended_price": null,
    "availability_indicator": 0,
    "online_available": false,
    "min_orderable_quantity": 1,
    "orderable_quantities": [],
    "badge_texts": [
      "od 14.07. v trgovini"
    ],
    "badge_types": [
      "IN_STORE_FROM_DATE_FUTURE"
    ],
    "main_image": "https://imgproxy-retcat.assets.schwarz/5Y_0bMNrF9bPkDyV0sBQwqMXJw8IjEiL8224RJvBnsE/sm:1/w:427/h:320/cz/M6Ly9wcm9kLWNhd/GFsb2ctbWVkaWEvc2kvMS9FQjEyQzRBNTFERTBBNkM0Q0Y0NERBQjU/xNDM5NURCQ0M4RkY3RjhENDZDM0VEOUU4MTI2MTJFQjJCOTcxMjk2LmpwZw.jpg",
    "image_list": [
      "https://imgproxy-retcat.assets.schwarz/5Y_0bMNrF9bPkDyV0sBQwqMXJw8IjEiL8224RJvBnsE/sm:1/w:427/h:320/cz/M6Ly9wcm9kLWNhd/GFsb2ctbWVkaWEvc2kvMS9FQjEyQzRBNTFERTBBNkM0Q0Y0NERBQjU/xNDM5NURCQ0M4RkY3RjhENDZDM0VEOUU4MTI2MTJFQjJCOTcxMjk2LmpwZw.jpg"
    ],
    "image_accessibility": "Vrečka prigrizkov Vajgl Fest s pretzel palčkami s soljo.",
    "detailed_images": [
      {
        "url": "https://imgproxy-retcat.assets.schwarz/5Y_0bMNrF9bPkDyV0sBQwqMXJw8IjEiL8224RJvBnsE/sm:1/w:427/h:320/cz/M6Ly9wcm9kLWNhd/GFsb2ctbWVkaWEvc2kvMS9FQjEyQzRBNTFERTBBNkM0Q0Y0NERBQjU/xNDM5NURCQ0M4RkY3RjhENDZDM0VEOUU4MTI2MTJFQjJCOTcxMjk2LmpwZw.jpg",
        "accessibility": "Vrečka prigrizkov Vajgl Fest s pretzel palčkami s soljo."
      }
    ],
    "analytics_category": "Food",
    "more_details": "Dodatne podrobnosti o izdelku",
    "won_category_primary": "Svetovi potreb/Hrana in bližnja hrana/Prigrizki in slaščice",
    "won_category_primary_path": "0/17/1721",
    "canonical_path": "/p/alpenfest-slane-prestice/p10082739",
    "canonical_url": "/p/alpenfest-slane-prestice/p10082739",
    "awards": [],
    "seals": [],
    "ribbons": [],
    "highlighted_seals": 0,
    "lidl_plus": [],
    "regions": [],
    "ians": [
      "5567129"
    ],
    "show_brand": true,
    "deal_of_day_active": false,
    "full_title_meta": "ALPENFEST Slane prestice",
    "lists": [
      4991
    ],
    "preview": false,
    "category_breadcrumbs": [
      {
        "id": "10068374",
        "name": "Hrana in pijača",
        "url": "/c/hrana-in-pijaca/s10068374",
        "hidden": false
      },
      {
        "id": "10071044",
        "name": "Prigrizki in sladkarije",
        "url": "/h/prigrizki-in-sladkarije/h10071044",
        "hidden": false
      }
    ],
    "campaigns": [
      {
        "id": "Next_Sales_Week",
        "name": "Naslednji teden",
        "url": null,
        "hidden": false
      },
      {
        "id": "10075265",
        "name": "Navdih Alp",
        "url": "/c/navdih-alp/a10075265",
        "hidden": false
      }
    ],
    "world_of_needs_code": "1721",
    "world_of_needs_name": "Prigrizki in slaščice",
    "world_of_needs_parent": "17",
    "is_main_category": true,
    "super_categories": [
      {
        "code": "17",
        "name": "Hrana in bližnja hrana",
        "parent": "0"
      },
      {
        "code": "0",
        "name": "Svetovi potreb",
        "parent": ""
      }
    ],
    "position": 239,
    "tracking_payload": {
      "searchTrackingMasterId": "Product.10082739",
      "searchTrackingTitle": "Slane+prestice",
      "searchTrackingPageSize": 100,
      "searchTrackingPage": 3,
      "searchTrackingEvent": "click",
      "list": "search",
      "searchTrackingId": "Product.10082739",
      "searchTrackingOrigPos": 1,
      "searchTrackingPos": 239,
      "searchTrackingOrigPageSize": 100,
      "searchTrackingChannel": "SI",
      "category": "Food"
    }
  },
  {
    "code": "10082745",
    "name": "Radler",
    "url": "",
    "result_class": "product",
    "type": "product",
    "product_id": 10082745,
    "erp_number": "10082745",
    "item_id": 10082745,
    "full_title": "PERLENBACHER Radler",
    "title": "Radler",
    "category": "Food",
    "product_type": "RETAIL",
    "age_restriction": false,
    "is_used_product": false,
    "multipack": false,
    "online": false,
    "store": false,
    "quick_add_to_cart": false,
    "flash_sales": false,
    "having_videos": false,
    "having_threesixty": false,
    "price": 0.69,
    "old_price": 0.0,
    "currency_code": "EUR",
    "currency_symbol": "€",
    "has_star": true,
    "has_vat": false,
    "price_theme": "white_red",
    "variants_have_different_prices": false,
    "base_price_text": "1 l = 1.38",
    "base_price_prefix": false,
    "packaging_text": "0,5 l",
    "discount_deleted_price": null,
    "discount_text": null,
    "discount_percentage": null,
    "discount_has_star": null,
    "show_discount": null,
    "show_percentage": null,
    "from_recommended_price": null,
    "availability_indicator": 0,
    "online_available": false,
    "min_orderable_quantity": 1,
    "orderable_quantities": [],
    "badge_texts": [
      "od 14.07. v trgovini"
    ],
    "badge_types": [
      "IN_STORE_FROM_DATE_FUTURE"
    ],
    "main_image": "https://imgproxy-retcat.assets.schwarz/GcKMyvkb3AA6JknIni7t5X1lE3xzi3uOMQPuwDqge8Q/sm:1/w:427/h:320/cz/M6Ly9wcm9kLWNhd/GFsb2ctbWVkaWEvc2kvMS9BOEJDRTEyRTZCQTcwRUY1RkJGOTgyMEE/4NUJDMkNBQTFFMDU3MDYwNDREMUMwQTRCNDhGRkVBMUU3M0ZDNDRFLmpwZw.jpg",
    "image_list": [
      "https://imgproxy-retcat.assets.schwarz/GcKMyvkb3AA6JknIni7t5X1lE3xzi3uOMQPuwDqge8Q/sm:1/w:427/h:320/cz/M6Ly9wcm9kLWNhd/GFsb2ctbWVkaWEvc2kvMS9BOEJDRTEyRTZCQTcwRUY1RkJGOTgyMEE/4NUJDMkNBQTFFMDU3MDYwNDREMUMwQTRCNDhGRkVBMUU3M0ZDNDRFLmpwZw.jpg"
    ],
    "image_accessibility": "Pločevinke Radler Festbier piva.",
    "detailed_images": [
      {
        "url": "https://imgproxy-retcat.assets.schwarz/GcKMyvkb3AA6JknIni7t5X1lE3xzi3uOMQPuwDqge8Q/sm:1/w:427/h:320/cz/M6Ly9wcm9kLWNhd/GFsb2ctbWVkaWEvc2kvMS9BOEJDRTEyRTZCQTcwRUY1RkJGOTgyMEE/4NUJDMkNBQTFFMDU3MDYwNDREMUMwQTRCNDhGRkVBMUU3M0ZDNDRFLmpwZw.jpg",
        "accessibility": "Pločevinke Radler Festbier piva."
      }
    ],
    "analytics_category": "Food",
    "more_details": "Dodatne podrobnosti o izdelku",
    "won_category_primary": "Svetovi potreb/Hrana in bližnja hrana/Pijače",
    "won_category_primary_path": "0/17/1720",
    "canonical_path": "/p/perlenbacher-radler/p10082745",
    "canonical_url": "/p/perlenbacher-radler/p10082745",
    "awards": [],
    "seals": [],
    "ribbons": [],
    "highlighted_seals": 0,
    "lidl_plus": [],
    "regions": [],
    "ians": [
      "132841"
    ],
    "show_brand": true,
    "deal_of_day_active": false,
    "full_title_meta": "PERLENBACHER Radler",
    "lists": [
      4991
    ],
    "preview": false,
    "category_breadcrumbs": [
      {
        "id": "10068374",
        "name": "Hrana in pijača",
        "url": "/c/hrana-in-pijaca/s10068374",
        "hidden": false
      },
      {
        "id": "10071022",
        "name": "Pijače",
        "url": "/h/pijace/h10071022",
        "hidden": false
      }
    ],
    "campaigns": [
      {
        "id": "Next_Sales_Week",
        "name": "Naslednji teden",
        "url": null,
        "hidden": false
      },
      {
        "id": "10075265",
        "name": "Navdih Alp",
        "url": "/c/navdih-alp/a10075265",
        "hidden": false
      }
    ],
    "world_of_needs_code": "1720",
    "world_of_needs_name": "Pijače",
    "world_of_needs_parent": "17",
    "is_main_category": true,
    "super_categories": [
      {
        "code": "17",
        "name": "Hrana in bližnja hrana",
        "parent": "0"
      },
      {
        "code": "0",
        "name": "Svetovi potreb",
        "parent": ""
      }
    ],
    "position": 240,
    "tracking_payload": {
      "searchTrackingMasterId": "Product.10082745",
      "searchTrackingTitle": "Radler",
      "searchTrackingPageSize": 100,
      "searchTrackingPage": 3,
      "searchTrackingEvent": "click",
      "list": "search",
      "searchTrackingId": "Product.10082745",
      "searchTrackingOrigPos": 1,
      "searchTrackingPos": 240,
      "searchTrackingOrigPageSize": 100,
      "searchTrackingChannel": "SI",
      "category": "Food"
    }
  },
  {
    "code": "10082747",
    "name": "Prestine palčke",
    "url": "",
    "result_class": "product",
    "type": "product",
    "product_id": 10082747,
    "erp_number": "10082747",
    "item_id": 10082747,
    "full_title": "ALPENFEST Prestine palčke",
    "title": "Prestine palčke",
    "category": "Food",
    "product_type": "RETAIL",
    "age_restriction": false,
    "is_used_product": false,
    "multipack": false,
    "online": false,
    "store": false,
    "quick_add_to_cart": false,
    "flash_sales": false,
    "having_videos": false,
    "having_threesixty": false,
    "price": 1.99,
    "old_price": 0.0,
    "currency_code": "EUR",
    "currency_symbol": "€",
    "has_star": true,
    "has_vat": false,
    "price_theme": "white_red",
    "variants_have_different_prices": false,
    "base_price_text": "1 kg = 13.27",
    "base_price_prefix": false,
    "packaging_text": "150 g",
    "discount_deleted_price": null,
    "discount_text": null,
    "discount_percentage": null,
    "discount_has_star": null,
    "show_discount": null,
    "show_percentage": null,
    "from_recommended_price": null,
    "availability_indicator": 0,
    "online_available": false,
    "min_orderable_quantity": 1,
    "orderable_quantities": [],
    "badge_texts": [
      "od 14.07. v trgovini"
    ],
    "badge_types": [
      "IN_STORE_FROM_DATE_FUTURE"
    ],
    "main_image": "https://imgproxy-retcat.assets.schwarz/R1FpEuR8DoZMPwZO7pirjecpf1HGDd6CpOLfrVEkjdo/sm:1/w:427/h:320/cz/M6Ly9wcm9kLWNhd/GFsb2ctbWVkaWEvc2kvMS9FMEY2Mjg1OTlFNjJCNjg0QzcxRjlGOEM/0MzAyODc2RDdDQzU3QTU0NEZFN0RFQUYwNUZFMjAzNDVFOUY0MjZBLmpwZw.jpg",
    "image_list": [
      "https://imgproxy-retcat.assets.schwarz/R1FpEuR8DoZMPwZO7pirjecpf1HGDd6CpOLfrVEkjdo/sm:1/w:427/h:320/cz/M6Ly9wcm9kLWNhd/GFsb2ctbWVkaWEvc2kvMS9FMEY2Mjg1OTlFNjJCNjg0QzcxRjlGOEM/0MzAyODc2RDdDQzU3QTU0NEZFN0RFQUYwNUZFMjAzNDVFOUY0MjZBLmpwZw.jpg"
    ],
    "image_accessibility": "Paket s palčkami iz grškega testa Simply Feast.",
    "detailed_images": [
      {
        "url": "https://imgproxy-retcat.assets.schwarz/R1FpEuR8DoZMPwZO7pirjecpf1HGDd6CpOLfrVEkjdo/sm:1/w:427/h:320/cz/M6Ly9wcm9kLWNhd/GFsb2ctbWVkaWEvc2kvMS9FMEY2Mjg1OTlFNjJCNjg0QzcxRjlGOEM/0MzAyODc2RDdDQzU3QTU0NEZFN0RFQUYwNUZFMjAzNDVFOUY0MjZBLmpwZw.jpg",
        "accessibility": "Paket s palčkami iz grškega testa Simply Feast."
      }
    ],
    "analytics_category": "Food",
    "more_details": "Dodatne podrobnosti o izdelku",
    "won_category_primary": "Svetovi potreb/Hrana in bližnja hrana/Jajca in osnovna živila (testenine, moka, stročnice itd.)",
    "won_category_primary_path": "0/17/1715",
    "canonical_path": "/p/alpenfest-prestine-palcke/p10082747",
    "canonical_url": "/p/alpenfest-prestine-palcke/p10082747",
    "awards": [],
    "seals": [],
    "ribbons": [],
    "highlighted_seals": 0,
    "lidl_plus": [],
    "regions": [],
    "ians": [
      "6012649"
    ],
    "show_brand": true,
    "deal_of_day_active": false,
    "full_title_meta": "ALPENFEST Prestine palčke",
    "lists": [
      4991
    ],
    "preview": false,
    "category_breadcrumbs": [
      {
        "id": "10068374",
        "name": "Hrana in pijača",
        "url": "/c/hrana-in-pijaca/s10068374",
        "hidden": false
      },
      {
        "id": "10071045",
        "name": "Jajca in osnovna živila",
        "url": "/h/jajca-in-osnovna-zivila/h10071045",
        "hidden": false
      }
    ],
    "campaigns": [
      {
        "id": "Next_Sales_Week",
        "name": "Naslednji teden",
        "url": null,
        "hidden": false
      },
      {
        "id": "10075265",
        "name": "Navdih Alp",
        "url": "/c/navdih-alp/a10075265",
        "hidden": false
      }
    ],
    "world_of_needs_code": "1715",
    "world_of_needs_name": "Jajca in osnovna živila (testenine, moka, stročnice itd.)",
    "world_of_needs_parent": "17",
    "is_main_category": true,
    "super_categories": [
      {
        "code": "17",
        "name": "Hrana in bližnja hrana",
        "parent": "0"
      },
      {
        "code": "0",
        "name": "Svetovi potreb",
        "parent": ""
      }
    ],
    "position": 241,
    "tracking_payload": {
      "searchTrackingMasterId": "Product.10082747",
      "searchTrackingTitle": "Prestine+pal%C4%8Dke",
      "searchTrackingPageSize": 100,
      "searchTrackingPage": 3,
      "searchTrackingEvent": "click",
      "list": "search",
      "searchTrackingId": "Product.10082747",
      "searchTrackingOrigPos": 1,
      "searchTrackingPos": 241,
      "searchTrackingOrigPageSize": 100,
      "searchTrackingChannel": "SI",
      "category": "Food"
    }
  },
  {
    "code": "10082749",
    "name": "Kruhovi cmoki",
    "url": "",
    "result_class": "product",
    "type": "product",
    "product_id": 10082749,
    "erp_number": "10082749",
    "item_id": 10082749,
    "full_title": "ALPENFEST Kruhovi cmoki",
    "title": "Kruhovi cmoki",
    "category": "Food",
    "product_type": "RETAIL",
    "age_restriction": false,
    "is_used_product": false,
    "multipack": false,
    "online": false,
    "store": false,
    "quick_add_to_cart": false,
    "flash_sales": false,
    "having_videos": false,
    "having_threesixty": false,
    "price": 1.19,
    "old_price": 0.0,
    "currency_code": "EUR",
    "currency_symbol": "€",
    "has_star": true,
    "has_vat": false,
    "price_theme": "white_red",
    "variants_have_different_prices": false,
    "base_price_text": "1 kg = 5.95",
    "base_price_prefix": false,
    "packaging_text": "200 g",
    "discount_deleted_price": null,
    "discount_text": null,
    "discount_percentage": null,
    "discount_has_star": null,
    "show_discount": null,
    "show_percentage": null,
    "from_recommended_price": null,
    "availability_indicator": 0,
    "online_available": false,
    "min_orderable_quantity": 1,
    "orderable_quantities": [],
    "badge_texts": [
      "od 14.07. v trgovini"
    ],
    "badge_types": [
      "IN_STORE_FROM_DATE_FUTURE"
    ],
    "main_image": "https://imgproxy-retcat.assets.schwarz/ZajEkPUncdcoAOwPKNjM9Bm7SB7laju6j3a0Kh_uZcw/sm:1/w:427/h:320/cz/M6Ly9wcm9kLWNhd/GFsb2ctbWVkaWEvc2kvMS8wNDIxNkExRUUzRDNEMEEwMjhBNTNFODl/DRDg5QUY4NzYwMEQwNjIyM0MwQzYzRTE1QTBBMzQxQ0U5OUM0MTQ2LmpwZw.jpg",
    "image_list": [
      "https://imgproxy-retcat.assets.schwarz/ZajEkPUncdcoAOwPKNjM9Bm7SB7laju6j3a0Kh_uZcw/sm:1/w:427/h:320/cz/M6Ly9wcm9kLWNhd/GFsb2ctbWVkaWEvc2kvMS8wNDIxNkExRUUzRDNEMEEwMjhBNTNFODl/DRDg5QUY4NzYwMEQwNjIyM0MwQzYzRTE1QTBBMzQxQ0U5OUM0MTQ2LmpwZw.jpg"
    ],
    "image_accessibility": "Pakiranje Mairhofer Fest Sommerknödel, pripravljenih krušnih cmokov.",
    "detailed_images": [
      {
        "url": "https://imgproxy-retcat.assets.schwarz/ZajEkPUncdcoAOwPKNjM9Bm7SB7laju6j3a0Kh_uZcw/sm:1/w:427/h:320/cz/M6Ly9wcm9kLWNhd/GFsb2ctbWVkaWEvc2kvMS8wNDIxNkExRUUzRDNEMEEwMjhBNTNFODl/DRDg5QUY4NzYwMEQwNjIyM0MwQzYzRTE1QTBBMzQxQ0U5OUM0MTQ2LmpwZw.jpg",
        "accessibility": "Pakiranje Mairhofer Fest Sommerknödel, pripravljenih krušnih cmokov."
      }
    ],
    "analytics_category": "Food",
    "more_details": "Dodatne podrobnosti o izdelku",
    "won_category_primary": "Svetovi potreb/Hrana in bližnja hrana/Pripravljene jedi (razen zamrznjene pice itd. in pekovskih izdelkov)",
    "won_category_primary_path": "0/17/1711",
    "canonical_path": "/p/alpenfest-kruhovi-cmoki/p10082749",
    "canonical_url": "/p/alpenfest-kruhovi-cmoki/p10082749",
    "awards": [],
    "seals": [],
    "ribbons": [],
    "highlighted_seals": 0,
    "lidl_plus": [],
    "regions": [],
    "ians": [
      "10942"
    ],
    "show_brand": true,
    "deal_of_day_active": false,
    "full_title_meta": "ALPENFEST Kruhovi cmoki",
    "lists": [
      4991
    ],
    "preview": false,
    "category_breadcrumbs": [
      {
        "id": "10068374",
        "name": "Hrana in pijača",
        "url": "/c/hrana-in-pijaca/s10068374",
        "hidden": false
      },
      {
        "id": "10071020",
        "name": "Gotove jed",
        "url": "/h/gotove-jed/h10071020",
        "hidden": false
      }
    ],
    "campaigns": [
      {
        "id": "Next_Sales_Week",
        "name": "Naslednji teden",
        "url": null,
        "hidden": false
      },
      {
        "id": "10075265",
        "name": "Navdih Alp",
        "url": "/c/navdih-alp/a10075265",
        "hidden": false
      }
    ],
    "world_of_needs_code": "1711",
    "world_of_needs_name": "Pripravljene jedi (razen zamrznjene pice itd. in pekovskih izdelkov)",
    "world_of_needs_parent": "17",
    "is_main_category": true,
    "super_categories": [
      {
        "code": "17",
        "name": "Hrana in bližnja hrana",
        "parent": "0"
      },
      {
        "code": "0",
        "name": "Svetovi potreb",
        "parent": ""
      }
    ],
    "position": 242,
    "tracking_payload": {
      "searchTrackingMasterId": "Product.10082749",
      "searchTrackingTitle": "Kruhovi+cmoki",
      "searchTrackingPageSize": 100,
      "searchTrackingPage": 3,
      "searchTrackingEvent": "click",
      "list": "search",
      "searchTrackingId": "Product.10082749",
      "searchTrackingOrigPos": 1,
      "searchTrackingPos": 242,
      "searchTrackingOrigPageSize": 100,
      "searchTrackingChannel": "SI",
      "category": "Food"
    }
  },
  {
    "code": "10082751",
    "name": "Zrezki na dunajski način",
    "url": "",
    "result_class": "product",
    "type": "product",
    "product_id": 10082751,
    "erp_number": "10082751",
    "item_id": 10082751,
    "full_title": "ALPENFEST Zrezki na dunajski način",
    "title": "Zrezki na dunajski način",
    "category": "Food",
    "product_type": "RETAIL",
    "age_restriction": false,
    "is_used_product": false,
    "multipack": false,
    "online": false,
    "store": false,
    "quick_add_to_cart": false,
    "flash_sales": false,
    "having_videos": false,
    "having_threesixty": false,
    "price": 5.49,
    "old_price": 0.0,
    "currency_code": "EUR",
    "currency_symbol": "€",
    "has_star": true,
    "has_vat": false,
    "price_theme": "white_red",
    "variants_have_different_prices": false,
    "base_price_text": "1 kg = 7.32",
    "base_price_prefix": false,
    "packaging_text": "750 g",
    "discount_deleted_price": null,
    "discount_text": null,
    "discount_percentage": null,
    "discount_has_star": null,
    "show_discount": null,
    "show_percentage": null,
    "from_recommended_price": null,
    "availability_indicator": 0,
    "online_available": false,
    "min_orderable_quantity": 1,
    "orderable_quantities": [],
    "badge_texts": [
      "od 14.07. v trgovini"
    ],
    "badge_types": [
      "IN_STORE_FROM_DATE_FUTURE"
    ],
    "main_image": "https://imgproxy-retcat.assets.schwarz/gBQ4Ii_3K9PWQmVad6qVPeoH1lM1Nx3uVyMPFRMaG14/sm:1/w:427/h:320/cz/M6Ly9wcm9kLWNhd/GFsb2ctbWVkaWEvc2kvMS9DNTlBOTMxMkFERDc5ODQyNzI3NzRCMzN/CMTg0NDQyRjk2QTlGMUZCMUU5MThEQzBDQzA4OEJCODFGNjRGOTkzLmpwZw.jpg",
    "image_list": [
      "https://imgproxy-retcat.assets.schwarz/gBQ4Ii_3K9PWQmVad6qVPeoH1lM1Nx3uVyMPFRMaG14/sm:1/w:427/h:320/cz/M6Ly9wcm9kLWNhd/GFsb2ctbWVkaWEvc2kvMS9DNTlBOTMxMkFERDc5ODQyNzI3NzRCMzN/CMTg0NDQyRjk2QTlGMUZCMUU5MThEQzBDQzA4OEJCODFGNjRGOTkzLmpwZw.jpg"
    ],
    "image_accessibility": "Zamrznjeni šnicli Wiener Art blagovne znamke Alpenfest.",
    "detailed_images": [
      {
        "url": "https://imgproxy-retcat.assets.schwarz/gBQ4Ii_3K9PWQmVad6qVPeoH1lM1Nx3uVyMPFRMaG14/sm:1/w:427/h:320/cz/M6Ly9wcm9kLWNhd/GFsb2ctbWVkaWEvc2kvMS9DNTlBOTMxMkFERDc5ODQyNzI3NzRCMzN/CMTg0NDQyRjk2QTlGMUZCMUU5MThEQzBDQzA4OEJCODFGNjRGOTkzLmpwZw.jpg",
        "accessibility": "Zamrznjeni šnicli Wiener Art blagovne znamke Alpenfest."
      }
    ],
    "analytics_category": "Food",
    "more_details": "Dodatne podrobnosti o izdelku",
    "won_category_primary": "Svetovi potreb/Hrana in bližnja hrana/Klobase in meso",
    "won_category_primary_path": "0/17/1717",
    "canonical_path": "/p/alpenfest-zrezki-na-dunajski-nacin/p10082751",
    "canonical_url": "/p/alpenfest-zrezki-na-dunajski-nacin/p10082751",
    "awards": [],
    "seals": [
      {
        "altText": "Znak: Zamrznjeno",
        "image": "https://imgproxy-retcat.assets.schwarz/ayWyw20LfIYJzOhoc4KvR8G0z3S3CSGFD0vHUIK3dgY/sm:1/w:140/cz/M6Ly9wcm9kLWNhd/GFsb2ctbWVkaWEvc2kvMi81NkZCNjYzMzA5NkRFMERFNzUzNEI1ODY/xRDQ4Q0MxRTkxQkUzNUMxOTBGNTAyMURGMjJGODEyQzk0ODhCNTYwLnBuZw.png"
      }
    ],
    "ribbons": [],
    "highlighted_seals": 0,
    "lidl_plus": [],
    "regions": [],
    "ians": [
      "7702600"
    ],
    "show_brand": true,
    "deal_of_day_active": false,
    "full_title_meta": "ALPENFEST Zrezki na dunajski način",
    "lists": [
      4991
    ],
    "preview": false,
    "category_breadcrumbs": [
      {
        "id": "10068374",
        "name": "Hrana in pijača",
        "url": "/c/hrana-in-pijaca/s10068374",
        "hidden": false
      },
      {
        "id": "10071016",
        "name": "Meso in mesni izdelki",
        "url": "/h/meso-in-mesni-izdelki/h10071016",
        "hidden": false
      }
    ],
    "campaigns": [
      {
        "id": "Next_Sales_Week",
        "name": "Naslednji teden",
        "url": null,
        "hidden": false
      },
      {
        "id": "10075265",
        "name": "Navdih Alp",
        "url": "/c/navdih-alp/a10075265",
        "hidden": false
      }
    ],
    "world_of_needs_code": "1717",
    "world_of_needs_name": "Klobase in meso",
    "world_of_needs_parent": "17",
    "is_main_category": true,
    "super_categories": [
      {
        "code": "17",
        "name": "Hrana in bližnja hrana",
        "parent": "0"
      },
      {
        "code": "0",
        "name": "Svetovi potreb",
        "parent": ""
      }
    ],
    "position": 243,
    "tracking_payload": {
      "searchTrackingMasterId": "Product.10082751",
      "searchTrackingTitle": "Zrezki+na+dunajski+na%C4%8Din",
      "searchTrackingPageSize": 100,
      "searchTrackingPage": 3,
      "searchTrackingEvent": "click",
      "list": "search",
      "searchTrackingId": "Product.10082751",
      "searchTrackingOrigPos": 1,
      "searchTrackingPos": 243,
      "searchTrackingOrigPageSize": 100,
      "searchTrackingChannel": "SI",
      "category": "Food"
    }
  },
  {
    "code": "10082753",
    "name": "Jajčni vlivanci „Špecli“",
    "url": "",
    "result_class": "product",
    "type": "product",
    "product_id": 10082753,
    "erp_number": "10082753",
    "item_id": 10082753,
    "full_title": "ALPENFEST Jajčni vlivanci „Špecli“",
    "title": "Jajčni vlivanci „Špecli“",
    "category": "Food",
    "product_type": "RETAIL",
    "age_restriction": false,
    "is_used_product": false,
    "multipack": false,
    "online": false,
    "store": false,
    "quick_add_to_cart": false,
    "flash_sales": false,
    "having_videos": false,
    "having_threesixty": false,
    "price": 1.79,
    "old_price": 0.0,
    "currency_code": "EUR",
    "currency_symbol": "€",
    "has_star": true,
    "has_vat": false,
    "price_theme": "white_red",
    "variants_have_different_prices": false,
    "base_price_text": "1 kg = 3.58",
    "base_price_prefix": false,
    "packaging_text": "500 g",
    "discount_deleted_price": null,
    "discount_text": "ZGRABITE PRILOŽNOST!",
    "discount_percentage": null,
    "discount_has_star": false,
    "show_discount": false,
    "show_percentage": false,
    "from_recommended_price": false,
    "availability_indicator": 0,
    "online_available": false,
    "min_orderable_quantity": 1,
    "orderable_quantities": [],
    "badge_texts": [
      "od 14.07. v trgovini"
    ],
    "badge_types": [
      "IN_STORE_FROM_DATE_FUTURE"
    ],
    "main_image": "https://imgproxy-retcat.assets.schwarz/hNaKNpJnh_8UJcvxy1cuvviOKGWUi6aoxFwfGY87aNM/sm:1/w:427/h:320/cz/M6Ly9wcm9kLWNhd/GFsb2ctbWVkaWEvc2kvMS85MjAxQkNCRTEzMkY5RjA0N0MzOUU5Nzk/wMkUyQUU4MzFCMjk5RTRFMDYzOTU1QTA0RThFOEFEQTg1RjIzNjBCLmpwZw.jpg",
    "image_list": [
      "https://imgproxy-retcat.assets.schwarz/hNaKNpJnh_8UJcvxy1cuvviOKGWUi6aoxFwfGY87aNM/sm:1/w:427/h:320/cz/M6Ly9wcm9kLWNhd/GFsb2ctbWVkaWEvc2kvMS85MjAxQkNCRTEzMkY5RjA0N0MzOUU5Nzk/wMkUyQUU4MzFCMjk5RTRFMDYzOTU1QTA0RThFOEFEQTg1RjIzNjBCLmpwZw.jpg",
      "https://imgproxy-retcat.assets.schwarz/CyLlGC8ZUOa9goELInRQ3UoTXj0Zi1jEeTeJHQd0yyM/sm:1/w:427/h:320/cz/M6Ly9wcm9kLWNhd/GFsb2ctbWVkaWEvc2kvMS8xNDIyRUIzQ0JBMzNBMUQ5MDA3QzQ0OTh/DODc3RTZBQjJDRTU4QTVCRjBCMzg1NTdDNTA2NDRBM0FFMjEyM0RCLmpwZw.jpg",
      "https://imgproxy-retcat.assets.schwarz/EXFvyYQm1-5598Fo6kPwFt_IInCdaiHUdCywuPy1KUc/sm:1/w:427/h:320/cz/M6Ly9wcm9kLWNhd/GFsb2ctbWVkaWEvc2kvMS8xN0ExNjExOTYxNUI0QTdBOUY3RjA4NTA/xRDdGMjBENzRFMDlGNzZGNjA0NTc3MTQyMDQwNjVEMDVDODY4RDcwLmpwZw.jpg"
    ],
    "image_accessibility": "Pakirani narezana zelena in bela asparagus (šparglji) blagovne znamke Frosta.",
    "detailed_images": [
      {
        "url": "https://imgproxy-retcat.assets.schwarz/hNaKNpJnh_8UJcvxy1cuvviOKGWUi6aoxFwfGY87aNM/sm:1/w:427/h:320/cz/M6Ly9wcm9kLWNhd/GFsb2ctbWVkaWEvc2kvMS85MjAxQkNCRTEzMkY5RjA0N0MzOUU5Nzk/wMkUyQUU4MzFCMjk5RTRFMDYzOTU1QTA0RThFOEFEQTg1RjIzNjBCLmpwZw.jpg",
        "accessibility": "Pakirani narezana zelena in bela asparagus (šparglji) blagovne znamke Frosta."
      },
      {
        "url": "https://imgproxy-retcat.assets.schwarz/CyLlGC8ZUOa9goELInRQ3UoTXj0Zi1jEeTeJHQd0yyM/sm:1/w:427/h:320/cz/M6Ly9wcm9kLWNhd/GFsb2ctbWVkaWEvc2kvMS8xNDIyRUIzQ0JBMzNBMUQ5MDA3QzQ0OTh/DODc3RTZBQjJDRTU4QTVCRjBCMzg1NTdDNTA2NDRBM0FFMjEyM0RCLmpwZw.jpg",
        "accessibility": "Paket 500g testeninov Alpenfest Eier-Spätzle."
      },
      {
        "url": "https://imgproxy-retcat.assets.schwarz/EXFvyYQm1-5598Fo6kPwFt_IInCdaiHUdCywuPy1KUc/sm:1/w:427/h:320/cz/M6Ly9wcm9kLWNhd/GFsb2ctbWVkaWEvc2kvMS8xN0ExNjExOTYxNUI0QTdBOUY3RjA4NTA/xRDdGMjBENzRFMDlGNzZGNjA0NTc3MTQyMDQwNjVEMDVDODY4RDcwLmpwZw.jpg",
        "accessibility": "Paket Testenin Spätzle Febo."
      }
    ],
    "analytics_category": "Food",
    "more_details": "Dodatne podrobnosti o izdelku",
    "won_category_primary": "Svetovi potreb/Hrana in bližnja hrana/Jajca in osnovna živila (testenine, moka, stročnice itd.)",
    "won_category_primary_path": "0/17/1715",
    "canonical_path": "/p/alpenfest-jajcni-vlivanci-specli/p10082753",
    "canonical_url": "/p/alpenfest-jajcni-vlivanci-specli/p10082753",
    "awards": [],
    "seals": [
      {
        "altText": "Nalepka: Hlajeno",
        "image": "https://imgproxy-retcat.assets.schwarz/7x3Iby7aD19hFySDnP2YoXt7E1r0JrvJVj0QO1gUOes/sm:1/w:140/cz/M6Ly9wcm9kLWNhd/GFsb2ctbWVkaWEvc2kvMi8xMzFBN0E2RDlCREZGREQxOEE2OTFDNEZ/FNDE5RTM0QUMxQjY4OEQ0OUY2QTAxMTRDRjQ1RjdCNTNDRjM2NUJBLnBuZw.png"
      }
    ],
    "ribbons": [],
    "highlighted_seals": 0,
    "lidl_plus": [],
    "regions": [],
    "ians": [
      "7701151"
    ],
    "show_brand": true,
    "deal_of_day_active": false,
    "full_title_meta": "ALPENFEST Jajčni vlivanci „Špecli“",
    "lists": [
      4991
    ],
    "preview": false,
    "category_breadcrumbs": [
      {
        "id": "10068374",
        "name": "Hrana in pijača",
        "url": "/c/hrana-in-pijaca/s10068374",
        "hidden": false
      },
      {
        "id": "10071045",
        "name": "Jajca in osnovna živila",
        "url": "/h/jajca-in-osnovna-zivila/h10071045",
        "hidden": false
      }
    ],
    "campaigns": [
      {
        "id": "Next_Sales_Week",
        "name": "Naslednji teden",
        "url": null,
        "hidden": false
      },
      {
        "id": "10075265",
        "name": "Navdih Alp",
        "url": "/c/navdih-alp/a10075265",
        "hidden": false
      }
    ],
    "world_of_needs_code": "1715",
    "world_of_needs_name": "Jajca in osnovna živila (testenine, moka, stročnice itd.)",
    "world_of_needs_parent": "17",
    "is_main_category": true,
    "super_categories": [
      {
        "code": "17",
        "name": "Hrana in bližnja hrana",
        "parent": "0"
      },
      {
        "code": "0",
        "name": "Svetovi potreb",
        "parent": ""
      }
    ],
    "position": 244,
    "tracking_payload": {
      "searchTrackingMasterId": "Product.10082753",
      "searchTrackingTitle": "Jaj%C4%8Dni+vlivanci+%E2%80%9E%C5%A0pecli%E2%80%9C",
      "searchTrackingPageSize": 100,
      "searchTrackingPage": 3,
      "searchTrackingEvent": "click",
      "list": "search",
      "searchTrackingId": "Product.10082753",
      "searchTrackingOrigPos": 1,
      "searchTrackingPos": 244,
      "searchTrackingOrigPageSize": 100,
      "searchTrackingChannel": "SI",
      "category": "Food"
    }
  },
  {
    "code": "10082755",
    "name": "Izbor narezkov",
    "url": "",
    "result_class": "product",
    "type": "product",
    "product_id": 10082755,
    "erp_number": "10082755",
    "item_id": 10082755,
    "full_title": "ALPENFEST Izbor narezkov",
    "title": "Izbor narezkov",
    "category": "Food",
    "product_type": "RETAIL",
    "age_restriction": false,
    "is_used_product": false,
    "multipack": false,
    "online": false,
    "store": false,
    "quick_add_to_cart": false,
    "flash_sales": false,
    "having_videos": false,
    "having_threesixty": false,
    "price": 1.99,
    "old_price": 0.0,
    "currency_code": "EUR",
    "currency_symbol": "€",
    "has_star": true,
    "has_vat": false,
    "price_theme": "white_red",
    "variants_have_different_prices": false,
    "base_price_text": "1 kg = 13.27",
    "base_price_prefix": false,
    "packaging_text": "150 g",
    "discount_deleted_price": null,
    "discount_text": null,
    "discount_percentage": null,
    "discount_has_star": null,
    "show_discount": null,
    "show_percentage": null,
    "from_recommended_price": null,
    "availability_indicator": 0,
    "online_available": false,
    "min_orderable_quantity": 1,
    "orderable_quantities": [],
    "badge_texts": [
      "od 14.07. v trgovini"
    ],
    "badge_types": [
      "IN_STORE_FROM_DATE_FUTURE"
    ],
    "main_image": "https://imgproxy-retcat.assets.schwarz/stOuKlgx1N28UGdkNtTGA_ouZne8SdCwppmMQhRl_wQ/sm:1/w:427/h:320/cz/M6Ly9wcm9kLWNhd/GFsb2ctbWVkaWEvc2kvMS9DNzIzQkM1MkRCRTlGMDc4RTc2QjRBQkN/BRkE4NjRGRjExMzQ1QThFOTE5RTcyNkYyQTYyNEM2MkUxNjFCQTU1LmpwZw.jpg",
    "image_list": [
      "https://imgproxy-retcat.assets.schwarz/stOuKlgx1N28UGdkNtTGA_ouZne8SdCwppmMQhRl_wQ/sm:1/w:427/h:320/cz/M6Ly9wcm9kLWNhd/GFsb2ctbWVkaWEvc2kvMS9DNzIzQkM1MkRCRTlGMDc4RTc2QjRBQkN/BRkE4NjRGRjExMzQ1QThFOTE5RTcyNkYyQTYyNEM2MkUxNjFCQTU1LmpwZw.jpg"
    ],
    "image_accessibility": "Paket narezanine Tete, vključno z različnimi vrstami šunke.",
    "detailed_images": [
      {
        "url": "https://imgproxy-retcat.assets.schwarz/stOuKlgx1N28UGdkNtTGA_ouZne8SdCwppmMQhRl_wQ/sm:1/w:427/h:320/cz/M6Ly9wcm9kLWNhd/GFsb2ctbWVkaWEvc2kvMS9DNzIzQkM1MkRCRTlGMDc4RTc2QjRBQkN/BRkE4NjRGRjExMzQ1QThFOTE5RTcyNkYyQTYyNEM2MkUxNjFCQTU1LmpwZw.jpg",
        "accessibility": "Paket narezanine Tete, vključno z različnimi vrstami šunke."
      }
    ],
    "analytics_category": "Food",
    "more_details": "Dodatne podrobnosti o izdelku",
    "won_category_primary": "Svetovi potreb/Hrana in bližnja hrana/Cvetje & Rastline (Žive rastline in šopki)",
    "won_category_primary_path": "0/17/1732",
    "canonical_path": "/p/alpenfest-izbor-narezkov/p10082755",
    "canonical_url": "/p/alpenfest-izbor-narezkov/p10082755",
    "awards": [],
    "seals": [
      {
        "altText": "Nalepka: Hlajeno",
        "image": "https://imgproxy-retcat.assets.schwarz/7x3Iby7aD19hFySDnP2YoXt7E1r0JrvJVj0QO1gUOes/sm:1/w:140/cz/M6Ly9wcm9kLWNhd/GFsb2ctbWVkaWEvc2kvMi8xMzFBN0E2RDlCREZGREQxOEE2OTFDNEZ/FNDE5RTM0QUMxQjY4OEQ0OUY2QTAxMTRDRjQ1RjdCNTNDRjM2NUJBLnBuZw.png"
      }
    ],
    "ribbons": [],
    "highlighted_seals": 0,
    "lidl_plus": [],
    "regions": [],
    "ians": [
      "5000441"
    ],
    "show_brand": true,
    "deal_of_day_active": false,
    "full_title_meta": "ALPENFEST Izbor narezkov",
    "lists": [
      4991
    ],
    "preview": false,
    "category_breadcrumbs": [
      {
        "id": "10068374",
        "name": "Hrana in pijača",
        "url": "/c/hrana-in-pijaca/s10068374",
        "hidden": false
      },
      {
        "id": "10071024",
        "name": "Rože in rastline",
        "url": "/h/roze-in-rastline/h10071024",
        "hidden": false
      }
    ],
    "campaigns": [
      {
        "id": "Next_Sales_Week",
        "name": "Naslednji teden",
        "url": null,
        "hidden": false
      },
      {
        "id": "10075265",
        "name": "Navdih Alp",
        "url": "/c/navdih-alp/a10075265",
        "hidden": false
      }
    ],
    "world_of_needs_code": "1732",
    "world_of_needs_name": "Cvetje & Rastline (Žive rastline in šopki)",
    "world_of_needs_parent": "17",
    "is_main_category": true,
    "super_categories": [
      {
        "code": "17",
        "name": "Hrana in bližnja hrana",
        "parent": "0"
      },
      {
        "code": "0",
        "name": "Svetovi potreb",
        "parent": ""
      }
    ],
    "position": 245,
    "tracking_payload": {
      "searchTrackingMasterId": "Product.10082755",
      "searchTrackingTitle": "Izbor+narezkov",
      "searchTrackingPageSize": 100,
      "searchTrackingPage": 3,
      "searchTrackingEvent": "click",
      "list": "search",
      "searchTrackingId": "Product.10082755",
      "searchTrackingOrigPos": 1,
      "searchTrackingPos": 245,
      "searchTrackingOrigPageSize": 100,
      "searchTrackingChannel": "SI",
      "category": "Food"
    }
  },
  {
    "code": "10082759",
    "name": "Mesni narezek",
    "url": "",
    "result_class": "product",
    "type": "product",
    "product_id": 10082759,
    "erp_number": "10082759",
    "item_id": 10082759,
    "full_title": "ALPENFEST Mesni narezek",
    "title": "Mesni narezek",
    "category": "Food",
    "product_type": "RETAIL",
    "age_restriction": false,
    "is_used_product": false,
    "multipack": false,
    "online": false,
    "store": false,
    "quick_add_to_cart": false,
    "flash_sales": false,
    "having_videos": false,
    "having_threesixty": false,
    "price": 1.79,
    "old_price": 0.0,
    "currency_code": "EUR",
    "currency_symbol": "€",
    "has_star": true,
    "has_vat": false,
    "price_theme": "white_red",
    "variants_have_different_prices": false,
    "base_price_text": "1 kg = 12.79",
    "base_price_prefix": false,
    "packaging_text": "140 g",
    "discount_deleted_price": null,
    "discount_text": null,
    "discount_percentage": null,
    "discount_has_star": null,
    "show_discount": null,
    "show_percentage": null,
    "from_recommended_price": null,
    "availability_indicator": 0,
    "online_available": false,
    "min_orderable_quantity": 1,
    "orderable_quantities": [],
    "badge_texts": [
      "od 14.07. v trgovini"
    ],
    "badge_types": [
      "IN_STORE_FROM_DATE_FUTURE"
    ],
    "main_image": "https://imgproxy-retcat.assets.schwarz/zComce6ah8X_2P5ZMIEBYdggkBMhsbsOrIqW8623s2I/sm:1/w:427/h:320/cz/M6Ly9wcm9kLWNhd/GFsb2ctbWVkaWEvc2kvMS81MzJGMENDNkQ2QUQwMzY2QUE3NDBERjl/FNDdCREE2QjI5MkVFQUVGMERBN0JDNzAwRkUyOTRDNzE2OUREM0Y5LmpwZw.jpg",
    "image_list": [
      "https://imgproxy-retcat.assets.schwarz/zComce6ah8X_2P5ZMIEBYdggkBMhsbsOrIqW8623s2I/sm:1/w:427/h:320/cz/M6Ly9wcm9kLWNhd/GFsb2ctbWVkaWEvc2kvMS81MzJGMENDNkQ2QUQwMzY2QUE3NDBERjl/FNDdCREE2QjI5MkVFQUVGMERBN0JDNzAwRkUyOTRDNzE2OUREM0Y5LmpwZw.jpg"
    ],
    "image_accessibility": "Paket narezanine, ki vsebuje dva okusa: pikantno in nežno.",
    "detailed_images": [
      {
        "url": "https://imgproxy-retcat.assets.schwarz/zComce6ah8X_2P5ZMIEBYdggkBMhsbsOrIqW8623s2I/sm:1/w:427/h:320/cz/M6Ly9wcm9kLWNhd/GFsb2ctbWVkaWEvc2kvMS81MzJGMENDNkQ2QUQwMzY2QUE3NDBERjl/FNDdCREE2QjI5MkVFQUVGMERBN0JDNzAwRkUyOTRDNzE2OUREM0Y5LmpwZw.jpg",
        "accessibility": "Paket narezanine, ki vsebuje dva okusa: pikantno in nežno."
      }
    ],
    "analytics_category": "Food",
    "more_details": "Dodatne podrobnosti o izdelku",
    "won_category_primary": "Svetovi potreb/Hrana in bližnja hrana/Klobase in meso",
    "won_category_primary_path": "0/17/1717",
    "canonical_path": "/p/alpenfest-mesni-narezek/p10082759",
    "canonical_url": "/p/alpenfest-mesni-narezek/p10082759",
    "awards": [],
    "seals": [
      {
        "altText": "Nalepka: Hlajeno",
        "image": "https://imgproxy-retcat.assets.schwarz/7x3Iby7aD19hFySDnP2YoXt7E1r0JrvJVj0QO1gUOes/sm:1/w:140/cz/M6Ly9wcm9kLWNhd/GFsb2ctbWVkaWEvc2kvMi8xMzFBN0E2RDlCREZGREQxOEE2OTFDNEZ/FNDE5RTM0QUMxQjY4OEQ0OUY2QTAxMTRDRjQ1RjdCNTNDRjM2NUJBLnBuZw.png"
      }
    ],
    "ribbons": [],
    "highlighted_seals": 0,
    "lidl_plus": [],
    "regions": [],
    "ians": [
      "207365"
    ],
    "show_brand": true,
    "deal_of_day_active": false,
    "full_title_meta": "ALPENFEST Mesni narezek",
    "lists": [
      4991
    ],
    "preview": false,
    "category_breadcrumbs": [
      {
        "id": "10068374",
        "name": "Hrana in pijača",
        "url": "/c/hrana-in-pijaca/s10068374",
        "hidden": false
      },
      {
        "id": "10071016",
        "name": "Meso in mesni izdelki",
        "url": "/h/meso-in-mesni-izdelki/h10071016",
        "hidden": false
      }
    ],
    "campaigns": [
      {
        "id": "Next_Sales_Week",
        "name": "Naslednji teden",
        "url": null,
        "hidden": false
      },
      {
        "id": "10075265",
        "name": "Navdih Alp",
        "url": "/c/navdih-alp/a10075265",
        "hidden": false
      }
    ],
    "world_of_needs_code": "1717",
    "world_of_needs_name": "Klobase in meso",
    "world_of_needs_parent": "17",
    "is_main_category": true,
    "super_categories": [
      {
        "code": "17",
        "name": "Hrana in bližnja hrana",
        "parent": "0"
      },
      {
        "code": "0",
        "name": "Svetovi potreb",
        "parent": ""
      }
    ],
    "position": 246,
    "tracking_payload": {
      "searchTrackingMasterId": "Product.10082759",
      "searchTrackingTitle": "Mesni+narezek",
      "searchTrackingPageSize": 100,
      "searchTrackingPage": 3,
      "searchTrackingEvent": "click",
      "list": "search",
      "searchTrackingId": "Product.10082759",
      "searchTrackingOrigPos": 1,
      "searchTrackingPos": 246,
      "searchTrackingOrigPageSize": 100,
      "searchTrackingChannel": "SI",
      "category": "Food"
    }
  },
  {
    "code": "10082763",
    "name": "Klobasa Kabanosi",
    "url": "",
    "result_class": "product",
    "type": "product",
    "product_id": 10082763,
    "erp_number": "10082763",
    "item_id": 10082763,
    "full_title": "ALPENFEST Klobasa Kabanosi",
    "title": "Klobasa Kabanosi",
    "category": "Food",
    "product_type": "RETAIL",
    "age_restriction": false,
    "is_used_product": false,
    "multipack": false,
    "online": false,
    "store": false,
    "quick_add_to_cart": false,
    "flash_sales": false,
    "having_videos": false,
    "having_threesixty": false,
    "price": 1.19,
    "old_price": 0.0,
    "currency_code": "EUR",
    "currency_symbol": "€",
    "has_star": true,
    "has_vat": false,
    "price_theme": "white_red",
    "variants_have_different_prices": false,
    "base_price_text": "1 kg = 13.22",
    "base_price_prefix": false,
    "packaging_text": "90 g",
    "discount_deleted_price": null,
    "discount_text": null,
    "discount_percentage": null,
    "discount_has_star": null,
    "show_discount": null,
    "show_percentage": null,
    "from_recommended_price": null,
    "availability_indicator": 0,
    "online_available": false,
    "min_orderable_quantity": 1,
    "orderable_quantities": [],
    "badge_texts": [
      "od 14.07. v trgovini"
    ],
    "badge_types": [
      "IN_STORE_FROM_DATE_FUTURE"
    ],
    "main_image": "https://imgproxy-retcat.assets.schwarz/UAVkyoADzNsQkxtPFkW8DBgcVnO2uu0ueIuV-OZjN3Q/sm:1/w:427/h:320/cz/M6Ly9wcm9kLWNhd/GFsb2ctbWVkaWEvc2kvMS9GMTg0Q0RFOUJERUIzOTUwN0YzNjY3RDF/DNTM2Q0Q0RjQyNjkxREUzRUFFNUU5QkMxOUIwQTEyODVDNkU3RjE5LmpwZw.jpg",
    "image_list": [
      "https://imgproxy-retcat.assets.schwarz/UAVkyoADzNsQkxtPFkW8DBgcVnO2uu0ueIuV-OZjN3Q/sm:1/w:427/h:320/cz/M6Ly9wcm9kLWNhd/GFsb2ctbWVkaWEvc2kvMS9GMTg0Q0RFOUJERUIzOTUwN0YzNjY3RDF/DNTM2Q0Q0RjQyNjkxREUzRUFFNUU5QkMxOUIwQTEyODVDNkU3RjE5LmpwZw.jpg",
      "https://imgproxy-retcat.assets.schwarz/OLNSsfXhytb536kcD03I4CrbPNx6AdlytKSlnQdZp-8/sm:1/w:427/h:320/cz/M6Ly9wcm9kLWNhd/GFsb2ctbWVkaWEvc2kvMS9GREVCOTE1NDNFNjkwNTg2QTdBQkYzNUQ/0RjhDNEE3MTk5OTFDQzQxMjU5RjMyRDFFOUUwMUMwQzE3OTFBNzNDLmpwZw.jpg",
      "https://imgproxy-retcat.assets.schwarz/-iszZgjApO52e05Sc2lDKmUjaHKTt727qcCvSp_CR4Y/sm:1/w:427/h:320/cz/M6Ly9wcm9kLWNhd/GFsb2ctbWVkaWEvc2kvMS8wQ0E4RDY3QjhCRTEzNEY4REY2MEM3RjI/zMTQ5QkRDMUY0QjM2QzI4MkQ0MUE0RUUyMERCOUYxRDc3N0RBODc2LmpwZw.jpg"
    ],
    "image_accessibility": "Dve vrečki tankih rdečih palčk, verjetno za ročno delo.",
    "detailed_images": [
      {
        "url": "https://imgproxy-retcat.assets.schwarz/UAVkyoADzNsQkxtPFkW8DBgcVnO2uu0ueIuV-OZjN3Q/sm:1/w:427/h:320/cz/M6Ly9wcm9kLWNhd/GFsb2ctbWVkaWEvc2kvMS9GMTg0Q0RFOUJERUIzOTUwN0YzNjY3RDF/DNTM2Q0Q0RjQyNjkxREUzRUFFNUU5QkMxOUIwQTEyODVDNkU3RjE5LmpwZw.jpg",
        "accessibility": "Dve vrečki tankih rdečih palčk, verjetno za ročno delo."
      },
      {
        "url": "https://imgproxy-retcat.assets.schwarz/OLNSsfXhytb536kcD03I4CrbPNx6AdlytKSlnQdZp-8/sm:1/w:427/h:320/cz/M6Ly9wcm9kLWNhd/GFsb2ctbWVkaWEvc2kvMS9GREVCOTE1NDNFNjkwNTg2QTdBQkYzNUQ/0RjhDNEE3MTk5OTFDQzQxMjU5RjMyRDFFOUUwMUMwQzE3OTFBNzNDLmpwZw.jpg",
        "accessibility": "Paket suhih klobas za prigrizke."
      },
      {
        "url": "https://imgproxy-retcat.assets.schwarz/-iszZgjApO52e05Sc2lDKmUjaHKTt727qcCvSp_CR4Y/sm:1/w:427/h:320/cz/M6Ly9wcm9kLWNhd/GFsb2ctbWVkaWEvc2kvMS8wQ0E4RDY3QjhCRTEzNEY4REY2MEM3RjI/zMTQ5QkRDMUY0QjM2QzI4MkQ0MUE0RUUyMERCOUYxRDc3N0RBODc2LmpwZw.jpg",
        "accessibility": "Paket suhih klobas, pripravljenih za uživanje."
      }
    ],
    "analytics_category": "Food",
    "more_details": "Dodatne podrobnosti o izdelku",
    "won_category_primary": "Svetovi potreb/Hrana in bližnja hrana/Klobase in meso",
    "won_category_primary_path": "0/17/1717",
    "canonical_path": "/p/alpenfest-klobasa-kabanosi/p10082763",
    "canonical_url": "/p/alpenfest-klobasa-kabanosi/p10082763",
    "awards": [],
    "seals": [
      {
        "altText": "Nalepka: Hlajeno",
        "image": "https://imgproxy-retcat.assets.schwarz/7x3Iby7aD19hFySDnP2YoXt7E1r0JrvJVj0QO1gUOes/sm:1/w:140/cz/M6Ly9wcm9kLWNhd/GFsb2ctbWVkaWEvc2kvMi8xMzFBN0E2RDlCREZGREQxOEE2OTFDNEZ/FNDE5RTM0QUMxQjY4OEQ0OUY2QTAxMTRDRjQ1RjdCNTNDRjM2NUJBLnBuZw.png"
      }
    ],
    "ribbons": [],
    "highlighted_seals": 0,
    "lidl_plus": [],
    "regions": [],
    "ians": [
      "5005107"
    ],
    "show_brand": true,
    "deal_of_day_active": false,
    "full_title_meta": "ALPENFEST Klobasa Kabanosi",
    "lists": [
      4991
    ],
    "preview": false,
    "category_breadcrumbs": [
      {
        "id": "10068374",
        "name": "Hrana in pijača",
        "url": "/c/hrana-in-pijaca/s10068374",
        "hidden": false
      },
      {
        "id": "10071016",
        "name": "Meso in mesni izdelki",
        "url": "/h/meso-in-mesni-izdelki/h10071016",
        "hidden": false
      }
    ],
    "campaigns": [
      {
        "id": "Next_Sales_Week",
        "name": "Naslednji teden",
        "url": null,
        "hidden": false
      },
      {
        "id": "10075265",
        "name": "Navdih Alp",
        "url": "/c/navdih-alp/a10075265",
        "hidden": false
      }
    ],
    "world_of_needs_code": "1717",
    "world_of_needs_name": "Klobase in meso",
    "world_of_needs_parent": "17",
    "is_main_category": true,
    "super_categories": [
      {
        "code": "17",
        "name": "Hrana in bližnja hrana",
        "parent": "0"
      },
      {
        "code": "0",
        "name": "Svetovi potreb",
        "parent": ""
      }
    ],
    "position": 247,
    "tracking_payload": {
      "searchTrackingMasterId": "Product.10082763",
      "searchTrackingTitle": "Klobasa+Kabanosi",
      "searchTrackingPageSize": 100,
      "searchTrackingPage": 3,
      "searchTrackingEvent": "click",
      "list": "search",
      "searchTrackingId": "Product.10082763",
      "searchTrackingOrigPos": 1,
      "searchTrackingPos": 247,
      "searchTrackingOrigPageSize": 100,
      "searchTrackingChannel": "SI",
      "category": "Food"
    }
  },
  {
    "code": "10082765",
    "name": "Mini mesni sir v rezinah",
    "url": "",
    "result_class": "product",
    "type": "product",
    "product_id": 10082765,
    "erp_number": "10082765",
    "item_id": 10082765,
    "full_title": "ALPENFEST Mini mesni sir v rezinah",
    "title": "Mini mesni sir v rezinah",
    "category": "Food",
    "product_type": "RETAIL",
    "age_restriction": false,
    "is_used_product": false,
    "multipack": false,
    "online": false,
    "store": false,
    "quick_add_to_cart": false,
    "flash_sales": false,
    "having_videos": false,
    "having_threesixty": false,
    "price": 1.29,
    "old_price": 0.0,
    "currency_code": "EUR",
    "currency_symbol": "€",
    "has_star": true,
    "has_vat": false,
    "price_theme": "white_red",
    "variants_have_different_prices": false,
    "base_price_text": "1 kg = 10.32",
    "base_price_prefix": false,
    "packaging_text": "125 g",
    "discount_deleted_price": null,
    "discount_text": null,
    "discount_percentage": null,
    "discount_has_star": null,
    "show_discount": null,
    "show_percentage": null,
    "from_recommended_price": null,
    "availability_indicator": 0,
    "online_available": false,
    "min_orderable_quantity": 1,
    "orderable_quantities": [],
    "badge_texts": [
      "od 14.07. v trgovini"
    ],
    "badge_types": [
      "IN_STORE_FROM_DATE_FUTURE"
    ],
    "main_image": "https://imgproxy-retcat.assets.schwarz/8h6ecW9UmnB-DoFEKDAKtw5783dsA7ZtEs126ZeeZ_U/sm:1/w:427/h:320/cz/M6Ly9wcm9kLWNhd/GFsb2ctbWVkaWEvc2kvMS82N0VCQkE4QjYxMjM4RkRGMUQ5MTM1RDM/wOTdEODY2MDY5REZBRjdBNUFCQTlERjE3RDA5RTQyRjQ4QTdGNkExLmpwZw.jpg",
    "image_list": [
      "https://imgproxy-retcat.assets.schwarz/8h6ecW9UmnB-DoFEKDAKtw5783dsA7ZtEs126ZeeZ_U/sm:1/w:427/h:320/cz/M6Ly9wcm9kLWNhd/GFsb2ctbWVkaWEvc2kvMS82N0VCQkE4QjYxMjM4RkRGMUQ5MTM1RDM/wOTdEODY2MDY5REZBRjdBNUFCQTlERjE3RDA5RTQyRjQ4QTdGNkExLmpwZw.jpg",
      "https://imgproxy-retcat.assets.schwarz/s8F5pL_o0TFguSKv85VzVwkm5MHsOBgYASYaoKt2KjA/sm:1/w:427/h:320/cz/M6Ly9wcm9kLWNhd/GFsb2ctbWVkaWEvc2kvMS85RkM2RUU2RUExNDdBQjNBQ0Y4MDIwNUM/yNUEzNzY3RjYzRDY4RjQ2NEUwMEZGNEE2MEFGRUM2NURENEYyNDNFLmpwZw.jpg",
      "https://imgproxy-retcat.assets.schwarz/bT5f62NyVWDhqSbf-Tt2g6a0VnDz8Vf9XmwDuLnU4-Y/sm:1/w:427/h:320/cz/M6Ly9wcm9kLWNhd/GFsb2ctbWVkaWEvc2kvMS8zQTdCNUY0QTJDQTY1QTZGMkMzMTNGQ0Z/CQTNDRjZGODI4RTNCRUNFQzJFQjQwOEVENkM3RUIzM0QxRERBMDk3LmpwZw.jpg"
    ],
    "image_accessibility": "Dve embalaži paštete NÜRNBERGER, ena z orehi, ena brez.",
    "detailed_images": [
      {
        "url": "https://imgproxy-retcat.assets.schwarz/8h6ecW9UmnB-DoFEKDAKtw5783dsA7ZtEs126ZeeZ_U/sm:1/w:427/h:320/cz/M6Ly9wcm9kLWNhd/GFsb2ctbWVkaWEvc2kvMS82N0VCQkE4QjYxMjM4RkRGMUQ5MTM1RDM/wOTdEODY2MDY5REZBRjdBNUFCQTlERjE3RDA5RTQyRjQ4QTdGNkExLmpwZw.jpg",
        "accessibility": "Dve embalaži paštete NÜRNBERGER, ena z orehi, ena brez."
      },
      {
        "url": "https://imgproxy-retcat.assets.schwarz/s8F5pL_o0TFguSKv85VzVwkm5MHsOBgYASYaoKt2KjA/sm:1/w:427/h:320/cz/M6Ly9wcm9kLWNhd/GFsb2ctbWVkaWEvc2kvMS85RkM2RUU2RUExNDdBQjNBQ0Y4MDIwNUM/yNUEzNzY3RjYzRDY4RjQ2NEUwMEZGNEE2MEFGRUM2NURENEYyNDNFLmpwZw.jpg",
        "accessibility": "Paket narezka Meinl sir, narezan na rezine."
      },
      {
        "url": "https://imgproxy-retcat.assets.schwarz/bT5f62NyVWDhqSbf-Tt2g6a0VnDz8Vf9XmwDuLnU4-Y/sm:1/w:427/h:320/cz/M6Ly9wcm9kLWNhd/GFsb2ctbWVkaWEvc2kvMS8zQTdCNUY0QTJDQTY1QTZGMkMzMTNGQ0Z/CQTNDRjZGODI4RTNCRUNFQzJFQjQwOEVENkM3RUIzM0QxRERBMDk3LmpwZw.jpg",
        "accessibility": "Paket narezka Meinl s kosmiči, blagovna znamka Fest."
      }
    ],
    "analytics_category": "Food",
    "more_details": "Dodatne podrobnosti o izdelku",
    "won_category_primary": "Svetovi potreb/Hrana in bližnja hrana/Klobase in meso",
    "won_category_primary_path": "0/17/1717",
    "canonical_path": "/p/alpenfest-mini-mesni-sir-v-rezinah/p10082765",
    "canonical_url": "/p/alpenfest-mini-mesni-sir-v-rezinah/p10082765",
    "awards": [],
    "seals": [
      {
        "altText": "Nalepka: Hlajeno",
        "image": "https://imgproxy-retcat.assets.schwarz/7x3Iby7aD19hFySDnP2YoXt7E1r0JrvJVj0QO1gUOes/sm:1/w:140/cz/M6Ly9wcm9kLWNhd/GFsb2ctbWVkaWEvc2kvMi8xMzFBN0E2RDlCREZGREQxOEE2OTFDNEZ/FNDE5RTM0QUMxQjY4OEQ0OUY2QTAxMTRDRjQ1RjdCNTNDRjM2NUJBLnBuZw.png"
      }
    ],
    "ribbons": [],
    "highlighted_seals": 0,
    "lidl_plus": [],
    "regions": [],
    "ians": [
      "79751"
    ],
    "show_brand": true,
    "deal_of_day_active": false,
    "full_title_meta": "ALPENFEST Mini mesni sir v rezinah",
    "lists": [
      4991
    ],
    "preview": false,
    "category_breadcrumbs": [
      {
        "id": "10068374",
        "name": "Hrana in pijača",
        "url": "/c/hrana-in-pijaca/s10068374",
        "hidden": false
      },
      {
        "id": "10071016",
        "name": "Meso in mesni izdelki",
        "url": "/h/meso-in-mesni-izdelki/h10071016",
        "hidden": false
      }
    ],
    "campaigns": [
      {
        "id": "Next_Sales_Week",
        "name": "Naslednji teden",
        "url": null,
        "hidden": false
      },
      {
        "id": "10075265",
        "name": "Navdih Alp",
        "url": "/c/navdih-alp/a10075265",
        "hidden": false
      }
    ],
    "world_of_needs_code": "1717",
    "world_of_needs_name": "Klobase in meso",
    "world_of_needs_parent": "17",
    "is_main_category": true,
    "super_categories": [
      {
        "code": "17",
        "name": "Hrana in bližnja hrana",
        "parent": "0"
      },
      {
        "code": "0",
        "name": "Svetovi potreb",
        "parent": ""
      }
    ],
    "position": 248,
    "tracking_payload": {
      "searchTrackingMasterId": "Product.10082765",
      "searchTrackingTitle": "Mini+mesni+sir+v+rezinah",
      "searchTrackingPageSize": 100,
      "searchTrackingPage": 3,
      "searchTrackingEvent": "click",
      "list": "search",
      "searchTrackingId": "Product.10082765",
      "searchTrackingOrigPos": 1,
      "searchTrackingPos": 248,
      "searchTrackingOrigPageSize": 100,
      "searchTrackingChannel": "SI",
      "category": "Food"
    }
  },
  {
    "code": "10082769",
    "name": "Pivske klobase",
    "url": "",
    "result_class": "product",
    "type": "product",
    "product_id": 10082769,
    "erp_number": "10082769",
    "item_id": 10082769,
    "full_title": "ALPENFEST Pivske klobase",
    "title": "Pivske klobase",
    "category": "Food",
    "product_type": "RETAIL",
    "age_restriction": false,
    "is_used_product": false,
    "multipack": false,
    "online": false,
    "store": false,
    "quick_add_to_cart": false,
    "flash_sales": false,
    "having_videos": false,
    "having_threesixty": false,
    "price": 2.99,
    "old_price": 0.0,
    "currency_code": "EUR",
    "currency_symbol": "€",
    "has_star": true,
    "has_vat": false,
    "price_theme": "white_red",
    "variants_have_different_prices": false,
    "base_price_text": "1 kg = 8.79",
    "base_price_prefix": false,
    "packaging_text": "340 g",
    "discount_deleted_price": null,
    "discount_text": null,
    "discount_percentage": null,
    "discount_has_star": null,
    "show_discount": null,
    "show_percentage": null,
    "from_recommended_price": null,
    "availability_indicator": 0,
    "online_available": false,
    "min_orderable_quantity": 1,
    "orderable_quantities": [],
    "badge_texts": [
      "od 14.07. v trgovini"
    ],
    "badge_types": [
      "IN_STORE_FROM_DATE_FUTURE"
    ],
    "main_image": "https://imgproxy-retcat.assets.schwarz/qjsocdQMwV3pToaiwfBnem3IOJ_FXjfLLWScAwjm5Aw/sm:1/w:427/h:320/cz/M6Ly9wcm9kLWNhd/GFsb2ctbWVkaWEvc2kvMS8wNkI0NUYyQzFFMjJBMTM3OTBGQ0NGNTY/wODU3QkY3NDVFODAwOTc4QTNFOEI1RDM5Q0NBMDBGOEU1NDczMjI2LmpwZw.jpg",
    "image_list": [
      "https://imgproxy-retcat.assets.schwarz/qjsocdQMwV3pToaiwfBnem3IOJ_FXjfLLWScAwjm5Aw/sm:1/w:427/h:320/cz/M6Ly9wcm9kLWNhd/GFsb2ctbWVkaWEvc2kvMS8wNkI0NUYyQzFFMjJBMTM3OTBGQ0NGNTY/wODU3QkY3NDVFODAwOTc4QTNFOEI1RDM5Q0NBMDBGOEU1NDczMjI2LmpwZw.jpg"
    ],
    "image_accessibility": "Paket TASTE bratov, pripravljenih za peko.",
    "detailed_images": [
      {
        "url": "https://imgproxy-retcat.assets.schwarz/qjsocdQMwV3pToaiwfBnem3IOJ_FXjfLLWScAwjm5Aw/sm:1/w:427/h:320/cz/M6Ly9wcm9kLWNhd/GFsb2ctbWVkaWEvc2kvMS8wNkI0NUYyQzFFMjJBMTM3OTBGQ0NGNTY/wODU3QkY3NDVFODAwOTc4QTNFOEI1RDM5Q0NBMDBGOEU1NDczMjI2LmpwZw.jpg",
        "accessibility": "Paket TASTE bratov, pripravljenih za peko."
      }
    ],
    "analytics_category": "Food",
    "more_details": "Dodatne podrobnosti o izdelku",
    "won_category_primary": "Svetovi potreb/Hrana in bližnja hrana/Klobase in meso",
    "won_category_primary_path": "0/17/1717",
    "canonical_path": "/p/alpenfest-pivske-klobase/p10082769",
    "canonical_url": "/p/alpenfest-pivske-klobase/p10082769",
    "awards": [],
    "seals": [
      {
        "altText": "Nalepka: Hlajeno",
        "image": "https://imgproxy-retcat.assets.schwarz/7x3Iby7aD19hFySDnP2YoXt7E1r0JrvJVj0QO1gUOes/sm:1/w:140/cz/M6Ly9wcm9kLWNhd/GFsb2ctbWVkaWEvc2kvMi8xMzFBN0E2RDlCREZGREQxOEE2OTFDNEZ/FNDE5RTM0QUMxQjY4OEQ0OUY2QTAxMTRDRjQ1RjdCNTNDRjM2NUJBLnBuZw.png"
      }
    ],
    "ribbons": [],
    "highlighted_seals": 0,
    "lidl_plus": [],
    "regions": [],
    "ians": [
      "130412"
    ],
    "show_brand": true,
    "deal_of_day_active": false,
    "full_title_meta": "ALPENFEST Pivske klobase",
    "lists": [
      4991
    ],
    "preview": false,
    "category_breadcrumbs": [
      {
        "id": "10068374",
        "name": "Hrana in pijača",
        "url": "/c/hrana-in-pijaca/s10068374",
        "hidden": false
      },
      {
        "id": "10071016",
        "name": "Meso in mesni izdelki",
        "url": "/h/meso-in-mesni-izdelki/h10071016",
        "hidden": false
      }
    ],
    "campaigns": [
      {
        "id": "Next_Sales_Week",
        "name": "Naslednji teden",
        "url": null,
        "hidden": false
      },
      {
        "id": "10075265",
        "name": "Navdih Alp",
        "url": "/c/navdih-alp/a10075265",
        "hidden": false
      }
    ],
    "world_of_needs_code": "1717",
    "world_of_needs_name": "Klobase in meso",
    "world_of_needs_parent": "17",
    "is_main_category": true,
    "super_categories": [
      {
        "code": "17",
        "name": "Hrana in bližnja hrana",
        "parent": "0"
      },
      {
        "code": "0",
        "name": "Svetovi potreb",
        "parent": ""
      }
    ],
    "position": 249,
    "tracking_payload": {
      "searchTrackingMasterId": "Product.10082769",
      "searchTrackingTitle": "Pivske+klobase",
      "searchTrackingPageSize": 100,
      "searchTrackingPage": 3,
      "searchTrackingEvent": "click",
      "list": "search",
      "searchTrackingId": "Product.10082769",
      "searchTrackingOrigPos": 1,
      "searchTrackingPos": 249,
      "searchTrackingOrigPageSize": 100,
      "searchTrackingChannel": "SI",
      "category": "Food"
    }
  },
  {
    "code": "10082771",
    "name": "Klobasa s sirom",
    "url": "",
    "result_class": "product",
    "type": "product",
    "product_id": 10082771,
    "erp_number": "10082771",
    "item_id": 10082771,
    "full_title": "ALPENFEST Klobasa s sirom",
    "title": "Klobasa s sirom",
    "category": "Food",
    "product_type": "RETAIL",
    "age_restriction": false,
    "is_used_product": false,
    "multipack": false,
    "online": false,
    "store": false,
    "quick_add_to_cart": false,
    "flash_sales": false,
    "having_videos": false,
    "having_threesixty": false,
    "price": 3.49,
    "old_price": 0.0,
    "currency_code": "EUR",
    "currency_symbol": "€",
    "has_star": true,
    "has_vat": false,
    "price_theme": "white_red",
    "variants_have_different_prices": false,
    "base_price_text": "1 kg = 10.26",
    "base_price_prefix": false,
    "packaging_text": "340 g",
    "discount_deleted_price": null,
    "discount_text": "ZGRABITE PRILOŽNOST!",
    "discount_percentage": null,
    "discount_has_star": false,
    "show_discount": false,
    "show_percentage": false,
    "from_recommended_price": false,
    "availability_indicator": 0,
    "online_available": false,
    "min_orderable_quantity": 1,
    "orderable_quantities": [],
    "badge_texts": [
      "od 14.07. v trgovini"
    ],
    "badge_types": [
      "IN_STORE_FROM_DATE_FUTURE"
    ],
    "main_image": "https://imgproxy-retcat.assets.schwarz/8RGon_8hqbJ60tvzAGTvA2YQNnoXJ0hX16Gi_nEHxSA/sm:1/w:427/h:320/cz/M6Ly9wcm9kLWNhd/GFsb2ctbWVkaWEvc2kvMS9FQkZGNzgyMkY1NTM3MkNCOTUwMzlDMEZ/EN0ZEN0UyNUU3OEQ1QzY4NUJENkUwNjgzMjk1QkJDRDhBMUM3N0Y5LmpwZw.jpg",
    "image_list": [
      "https://imgproxy-retcat.assets.schwarz/8RGon_8hqbJ60tvzAGTvA2YQNnoXJ0hX16Gi_nEHxSA/sm:1/w:427/h:320/cz/M6Ly9wcm9kLWNhd/GFsb2ctbWVkaWEvc2kvMS9FQkZGNzgyMkY1NTM3MkNCOTUwMzlDMEZ/EN0ZEN0UyNUU3OEQ1QzY4NUJENkUwNjgzMjk1QkJDRDhBMUM3N0Y5LmpwZw.jpg"
    ],
    "image_accessibility": "Paket klobas Alkoveč s sirom.",
    "detailed_images": [
      {
        "url": "https://imgproxy-retcat.assets.schwarz/8RGon_8hqbJ60tvzAGTvA2YQNnoXJ0hX16Gi_nEHxSA/sm:1/w:427/h:320/cz/M6Ly9wcm9kLWNhd/GFsb2ctbWVkaWEvc2kvMS9FQkZGNzgyMkY1NTM3MkNCOTUwMzlDMEZ/EN0ZEN0UyNUU3OEQ1QzY4NUJENkUwNjgzMjk1QkJDRDhBMUM3N0Y5LmpwZw.jpg",
        "accessibility": "Paket klobas Alkoveč s sirom."
      }
    ],
    "analytics_category": "Food",
    "more_details": "Dodatne podrobnosti o izdelku",
    "won_category_primary": "Svetovi potreb/Hrana in bližnja hrana/Klobase in meso",
    "won_category_primary_path": "0/17/1717",
    "canonical_path": "/p/alpenfest-klobasa-s-sirom/p10082771",
    "canonical_url": "/p/alpenfest-klobasa-s-sirom/p10082771",
    "awards": [],
    "seals": [
      {
        "altText": "Nalepka: Hlajeno",
        "image": "https://imgproxy-retcat.assets.schwarz/7x3Iby7aD19hFySDnP2YoXt7E1r0JrvJVj0QO1gUOes/sm:1/w:140/cz/M6Ly9wcm9kLWNhd/GFsb2ctbWVkaWEvc2kvMi8xMzFBN0E2RDlCREZGREQxOEE2OTFDNEZ/FNDE5RTM0QUMxQjY4OEQ0OUY2QTAxMTRDRjQ1RjdCNTNDRjM2NUJBLnBuZw.png"
      }
    ],
    "ribbons": [],
    "highlighted_seals": 0,
    "lidl_plus": [],
    "regions": [],
    "ians": [
      "5010094"
    ],
    "show_brand": true,
    "deal_of_day_active": false,
    "full_title_meta": "ALPENFEST Klobasa s sirom",
    "lists": [
      4991
    ],
    "preview": false,
    "category_breadcrumbs": [
      {
        "id": "10068374",
        "name": "Hrana in pijača",
        "url": "/c/hrana-in-pijaca/s10068374",
        "hidden": false
      },
      {
        "id": "10071016",
        "name": "Meso in mesni izdelki",
        "url": "/h/meso-in-mesni-izdelki/h10071016",
        "hidden": false
      }
    ],
    "campaigns": [
      {
        "id": "Next_Sales_Week",
        "name": "Naslednji teden",
        "url": null,
        "hidden": false
      },
      {
        "id": "10075265",
        "name": "Navdih Alp",
        "url": "/c/navdih-alp/a10075265",
        "hidden": false
      }
    ],
    "world_of_needs_code": "1717",
    "world_of_needs_name": "Klobase in meso",
    "world_of_needs_parent": "17",
    "is_main_category": true,
    "super_categories": [
      {
        "code": "17",
        "name": "Hrana in bližnja hrana",
        "parent": "0"
      },
      {
        "code": "0",
        "name": "Svetovi potreb",
        "parent": ""
      }
    ],
    "position": 250,
    "tracking_payload": {
      "searchTrackingMasterId": "Product.10082771",
      "searchTrackingTitle": "Klobasa+s+sirom",
      "searchTrackingPageSize": 100,
      "searchTrackingPage": 3,
      "searchTrackingEvent": "click",
      "list": "search",
      "searchTrackingId": "Product.10082771",
      "searchTrackingOrigPos": 1,
      "searchTrackingPos": 250,
      "searchTrackingOrigPageSize": 100,
      "searchTrackingChannel": "SI",
      "category": "Food"
    }
  },
  {
    "code": "10082773",
    "name": "Mesni sir v rezinah",
    "url": "",
    "result_class": "product",
    "type": "product",
    "product_id": 10082773,
    "erp_number": "10082773",
    "item_id": 10082773,
    "full_title": "ALPENFEST Mesni sir v rezinah",
    "title": "Mesni sir v rezinah",
    "category": "Food",
    "product_type": "RETAIL",
    "age_restriction": false,
    "is_used_product": false,
    "multipack": false,
    "online": false,
    "store": false,
    "quick_add_to_cart": false,
    "flash_sales": false,
    "having_videos": false,
    "having_threesixty": false,
    "price": 2.99,
    "old_price": 0.0,
    "currency_code": "EUR",
    "currency_symbol": "€",
    "has_star": true,
    "has_vat": false,
    "price_theme": "white_red",
    "variants_have_different_prices": false,
    "base_price_text": "1 kg = 7.48",
    "base_price_prefix": false,
    "packaging_text": "400 g",
    "discount_deleted_price": null,
    "discount_text": null,
    "discount_percentage": null,
    "discount_has_star": null,
    "show_discount": null,
    "show_percentage": null,
    "from_recommended_price": null,
    "availability_indicator": 0,
    "online_available": false,
    "min_orderable_quantity": 1,
    "orderable_quantities": [],
    "badge_texts": [
      "od 14.07. v trgovini"
    ],
    "badge_types": [
      "IN_STORE_FROM_DATE_FUTURE"
    ],
    "main_image": "https://imgproxy-retcat.assets.schwarz/UxpxQSCFo88PKF7pgXWzhAIuKxaV8P1X_PduBysQzpY/sm:1/w:427/h:320/cz/M6Ly9wcm9kLWNhd/GFsb2ctbWVkaWEvc2kvMS9CM0M2OEY2MDlENzQ3NDA4QzMxQzZENUY/0QkJGQ0E2QkJDM0RBM0Y2OTU0NTU0MTg5NDVEM0QwMTFCOTQyRkZCLmpwZw.jpg",
    "image_list": [
      "https://imgproxy-retcat.assets.schwarz/UxpxQSCFo88PKF7pgXWzhAIuKxaV8P1X_PduBysQzpY/sm:1/w:427/h:320/cz/M6Ly9wcm9kLWNhd/GFsb2ctbWVkaWEvc2kvMS9CM0M2OEY2MDlENzQ3NDA4QzMxQzZENUY/0QkJGQ0E2QkJDM0RBM0Y2OTU0NTU0MTg5NDVEM0QwMTFCOTQyRkZCLmpwZw.jpg",
      "https://imgproxy-retcat.assets.schwarz/apLGpimUfoqstESoxwC4N6WlEKFtwuqvnPSe-zNbKeU/sm:1/w:427/h:320/cz/M6Ly9wcm9kLWNhd/GFsb2ctbWVkaWEvc2kvMS83N0ZFMEU2NDI0MjUyRUE4NTBBODgxM0E/zMjBGMDFCQjJFMEVCRTgwM0M0RDFDQTQzMTNGQUZGOTNBNUQ4ODkzLmpwZw.jpg",
      "https://imgproxy-retcat.assets.schwarz/2_pentrQ41Ria_Jc5flFEQCWm1aZBjj0UrzZO473wGU/sm:1/w:427/h:320/cz/M6Ly9wcm9kLWNhd/GFsb2ctbWVkaWEvc2kvMS9DNjJEMTQwNzJEQUE1NkMwQTgyRUJENER/BMzdGNTdGQkRFQzI1MEE0NjNBMEFCNzBEQTdBRTYxMzE3QzUxNTJBLmpwZw.jpg"
    ],
    "image_accessibility": "Dve vrsti paštete, pakirani v plastiko.",
    "detailed_images": [
      {
        "url": "https://imgproxy-retcat.assets.schwarz/UxpxQSCFo88PKF7pgXWzhAIuKxaV8P1X_PduBysQzpY/sm:1/w:427/h:320/cz/M6Ly9wcm9kLWNhd/GFsb2ctbWVkaWEvc2kvMS9CM0M2OEY2MDlENzQ3NDA4QzMxQzZENUY/0QkJGQ0E2QkJDM0RBM0Y2OTU0NTU0MTg5NDVEM0QwMTFCOTQyRkZCLmpwZw.jpg",
        "accessibility": "Dve vrsti paštete, pakirani v plastiko."
      },
      {
        "url": "https://imgproxy-retcat.assets.schwarz/apLGpimUfoqstESoxwC4N6WlEKFtwuqvnPSe-zNbKeU/sm:1/w:427/h:320/cz/M6Ly9wcm9kLWNhd/GFsb2ctbWVkaWEvc2kvMS83N0ZFMEU2NDI0MjUyRUE4NTBBODgxM0E/zMjBGMDFCQjJFMEVCRTgwM0M0RDFDQTQzMTNGQUZGOTNBNUQ4ODkzLmpwZw.jpg",
        "accessibility": "Dve rezini govejega narezka v plastični embalaži."
      },
      {
        "url": "https://imgproxy-retcat.assets.schwarz/2_pentrQ41Ria_Jc5flFEQCWm1aZBjj0UrzZO473wGU/sm:1/w:427/h:320/cz/M6Ly9wcm9kLWNhd/GFsb2ctbWVkaWEvc2kvMS9DNjJEMTQwNzJEQUE1NkMwQTgyRUJENER/BMzdGNTdGQkRFQzI1MEE0NjNBMEFCNzBEQTdBRTYxMzE3QzUxNTJBLmpwZw.jpg",
        "accessibility": "Paket dveh rezin Leberkase, nemške mesne specialitete."
      }
    ],
    "analytics_category": "Food",
    "more_details": "Dodatne podrobnosti o izdelku",
    "won_category_primary": "Svetovi potreb/Hrana in bližnja hrana/Klobase in meso",
    "won_category_primary_path": "0/17/1717",
    "canonical_path": "/p/alpenfest-mesni-sir-v-rezinah/p10082773",
    "canonical_url": "/p/alpenfest-mesni-sir-v-rezinah/p10082773",
    "awards": [],
    "seals": [
      {
        "altText": "Nalepka: Hlajeno",
        "image": "https://imgproxy-retcat.assets.schwarz/7x3Iby7aD19hFySDnP2YoXt7E1r0JrvJVj0QO1gUOes/sm:1/w:140/cz/M6Ly9wcm9kLWNhd/GFsb2ctbWVkaWEvc2kvMi8xMzFBN0E2RDlCREZGREQxOEE2OTFDNEZ/FNDE5RTM0QUMxQjY4OEQ0OUY2QTAxMTRDRjQ1RjdCNTNDRjM2NUJBLnBuZw.png"
      }
    ],
    "ribbons": [],
    "highlighted_seals": 0,
    "lidl_plus": [],
    "regions": [],
    "ians": [
      "24724"
    ],
    "show_brand": true,
    "deal_of_day_active": false,
    "full_title_meta": "ALPENFEST Mesni sir v rezinah",
    "lists": [
      4991
    ],
    "preview": false,
    "category_breadcrumbs": [
      {
        "id": "10068374",
        "name": "Hrana in pijača",
        "url": "/c/hrana-in-pijaca/s10068374",
        "hidden": false
      },
      {
        "id": "10071016",
        "name": "Meso in mesni izdelki",
        "url": "/h/meso-in-mesni-izdelki/h10071016",
        "hidden": false
      }
    ],
    "campaigns": [
      {
        "id": "Next_Sales_Week",
        "name": "Naslednji teden",
        "url": null,
        "hidden": false
      },
      {
        "id": "10075265",
        "name": "Navdih Alp",
        "url": "/c/navdih-alp/a10075265",
        "hidden": false
      }
    ],
    "world_of_needs_code": "1717",
    "world_of_needs_name": "Klobase in meso",
    "world_of_needs_parent": "17",
    "is_main_category": true,
    "super_categories": [
      {
        "code": "17",
        "name": "Hrana in bližnja hrana",
        "parent": "0"
      },
      {
        "code": "0",
        "name": "Svetovi potreb",
        "parent": ""
      }
    ],
    "position": 251,
    "tracking_payload": {
      "searchTrackingMasterId": "Product.10082773",
      "searchTrackingTitle": "Mesni+sir+v+rezinah",
      "searchTrackingPageSize": 100,
      "searchTrackingPage": 3,
      "searchTrackingEvent": "click",
      "list": "search",
      "searchTrackingId": "Product.10082773",
      "searchTrackingOrigPos": 1,
      "searchTrackingPos": 251,
      "searchTrackingOrigPageSize": 100,
      "searchTrackingChannel": "SI",
      "category": "Food"
    }
  },
  {
    "code": "10082775",
    "name": "Piškoti s polnilom",
    "url": "",
    "result_class": "product",
    "type": "product",
    "product_id": 10082775,
    "erp_number": "10082775",
    "item_id": 10082775,
    "full_title": "ALPENFEST Piškoti s polnilom",
    "title": "Piškoti s polnilom",
    "category": "Food",
    "product_type": "RETAIL",
    "age_restriction": false,
    "is_used_product": false,
    "multipack": false,
    "online": false,
    "store": false,
    "quick_add_to_cart": false,
    "flash_sales": false,
    "having_videos": false,
    "having_threesixty": false,
    "price": 1.59,
    "old_price": 0.0,
    "currency_code": "EUR",
    "currency_symbol": "€",
    "has_star": true,
    "has_vat": false,
    "price_theme": "white_red",
    "variants_have_different_prices": false,
    "base_price_text": "1 kg = 15.90",
    "base_price_prefix": false,
    "packaging_text": "100 g",
    "discount_deleted_price": null,
    "discount_text": null,
    "discount_percentage": null,
    "discount_has_star": null,
    "show_discount": null,
    "show_percentage": null,
    "from_recommended_price": null,
    "availability_indicator": 0,
    "online_available": false,
    "min_orderable_quantity": 1,
    "orderable_quantities": [],
    "badge_texts": [
      "od 14.07. v trgovini"
    ],
    "badge_types": [
      "IN_STORE_FROM_DATE_FUTURE"
    ],
    "main_image": "https://imgproxy-retcat.assets.schwarz/F8dPaSLb3NoSy2txXpccOG0fCl-3J986BUNuAcmoDRk/sm:1/w:427/h:320/cz/M6Ly9wcm9kLWNhd/GFsb2ctbWVkaWEvc2kvMS9CQTBBQUI2OTE5QTE1MTIwRDg0NzE1MzM/3OUYzMjI4RjIwMkQ5QkM4QjRFMEMzMjkxNUFDNTYxODUyMTYzRTU5LmpwZw.jpg",
    "image_list": [
      "https://imgproxy-retcat.assets.schwarz/F8dPaSLb3NoSy2txXpccOG0fCl-3J986BUNuAcmoDRk/sm:1/w:427/h:320/cz/M6Ly9wcm9kLWNhd/GFsb2ctbWVkaWEvc2kvMS9CQTBBQUI2OTE5QTE1MTIwRDg0NzE1MzM/3OUYzMjI4RjIwMkQ5QkM4QjRFMEMzMjkxNUFDNTYxODUyMTYzRTU5LmpwZw.jpg",
      "https://imgproxy-retcat.assets.schwarz/eN6leeY_ZjPCuBNB00gCapzg0Tp_o3EYf0NXjdWMM6E/sm:1/w:427/h:320/cz/M6Ly9wcm9kLWNhd/GFsb2ctbWVkaWEvc2kvMS80RjZENEI5NjdCQTdDQjY5Q0QzNkYyOTN/GODhERDM2RjRDMUExRkQ0MDM2NEI5REUyOTAwOTMxMDk2MDRCMEJCLmpwZw.jpg",
      "https://imgproxy-retcat.assets.schwarz/GcTeI6erkZ4wqxpWoVNyP0LRB7mGyiizA0yfmd-UCN0/sm:1/w:427/h:320/cz/M6Ly9wcm9kLWNhd/GFsb2ctbWVkaWEvc2kvMS80NEVFRDYxMDgxNjhDQ0FEODRCNzk3Njg/yMDQyMEQ1NTNBMDg0NjBEMUVENjUxNEYyQjk0RjYxRUZGMDM0ODYxLmpwZw.jpg"
    ],
    "image_accessibility": "Dve škatli piškotov Fine Food Sandwich Biscuits.",
    "detailed_images": [
      {
        "url": "https://imgproxy-retcat.assets.schwarz/F8dPaSLb3NoSy2txXpccOG0fCl-3J986BUNuAcmoDRk/sm:1/w:427/h:320/cz/M6Ly9wcm9kLWNhd/GFsb2ctbWVkaWEvc2kvMS9CQTBBQUI2OTE5QTE1MTIwRDg0NzE1MzM/3OUYzMjI4RjIwMkQ5QkM4QjRFMEMzMjkxNUFDNTYxODUyMTYzRTU5LmpwZw.jpg",
        "accessibility": "Dve škatli piškotov Fine Food Sandwich Biscuits."
      },
      {
        "url": "https://imgproxy-retcat.assets.schwarz/eN6leeY_ZjPCuBNB00gCapzg0Tp_o3EYf0NXjdWMM6E/sm:1/w:427/h:320/cz/M6Ly9wcm9kLWNhd/GFsb2ctbWVkaWEvc2kvMS80RjZENEI5NjdCQTdDQjY5Q0QzNkYyOTN/GODhERDM2RjRDMUExRkQ0MDM2NEI5REUyOTAwOTMxMDk2MDRCMEJCLmpwZw.jpg",
        "accessibility": "Pakiranje piškotov Torku Sandwich Biscuits."
      },
      {
        "url": "https://imgproxy-retcat.assets.schwarz/GcTeI6erkZ4wqxpWoVNyP0LRB7mGyiizA0yfmd-UCN0/sm:1/w:427/h:320/cz/M6Ly9wcm9kLWNhd/GFsb2ctbWVkaWEvc2kvMS80NEVFRDYxMDgxNjhDQ0FEODRCNzk3Njg/yMDQyMEQ1NTNBMDg0NjBEMUVENjUxNEYyQjk0RjYxRUZGMDM0ODYxLmpwZw.jpg",
        "accessibility": "Pakiranje piškotov Tofutti Sandwich Biscuits s čokoladnim nadevom."
      }
    ],
    "analytics_category": "Food",
    "more_details": "Dodatne podrobnosti o izdelku",
    "won_category_primary": "Svetovi potreb/Hrana in bližnja hrana/Prigrizki in slaščice",
    "won_category_primary_path": "0/17/1721",
    "canonical_path": "/p/alpenfest-piskoti-s-polnilom/p10082775",
    "canonical_url": "/p/alpenfest-piskoti-s-polnilom/p10082775",
    "awards": [],
    "seals": [],
    "ribbons": [],
    "highlighted_seals": 0,
    "lidl_plus": [],
    "regions": [],
    "ians": [
      "5111641"
    ],
    "show_brand": true,
    "deal_of_day_active": false,
    "full_title_meta": "ALPENFEST Piškoti s polnilom",
    "lists": [
      4991
    ],
    "preview": false,
    "category_breadcrumbs": [
      {
        "id": "10068374",
        "name": "Hrana in pijača",
        "url": "/c/hrana-in-pijaca/s10068374",
        "hidden": false
      },
      {
        "id": "10071044",
        "name": "Prigrizki in sladkarije",
        "url": "/h/prigrizki-in-sladkarije/h10071044",
        "hidden": false
      }
    ],
    "campaigns": [
      {
        "id": "Next_Sales_Week",
        "name": "Naslednji teden",
        "url": null,
        "hidden": false
      },
      {
        "id": "10075265",
        "name": "Navdih Alp",
        "url": "/c/navdih-alp/a10075265",
        "hidden": false
      }
    ],
    "world_of_needs_code": "1721",
    "world_of_needs_name": "Prigrizki in slaščice",
    "world_of_needs_parent": "17",
    "is_main_category": true,
    "super_categories": [
      {
        "code": "17",
        "name": "Hrana in bližnja hrana",
        "parent": "0"
      },
      {
        "code": "0",
        "name": "Svetovi potreb",
        "parent": ""
      }
    ],
    "position": 252,
    "tracking_payload": {
      "searchTrackingMasterId": "Product.10082775",
      "searchTrackingTitle": "Pi%C5%A1koti+s+polnilom",
      "searchTrackingPageSize": 100,
      "searchTrackingPage": 3,
      "searchTrackingEvent": "click",
      "list": "search",
      "searchTrackingId": "Product.10082775",
      "searchTrackingOrigPos": 1,
      "searchTrackingPos": 252,
      "searchTrackingOrigPageSize": 100,
      "searchTrackingChannel": "SI",
      "category": "Food"
    }
  },
  {
    "code": "10082777",
    "name": "Salama v rezinah",
    "url": "",
    "result_class": "product",
    "type": "product",
    "product_id": 10082777,
    "erp_number": "10082777",
    "item_id": 10082777,
    "full_title": "ALPENFEST Salama v rezinah",
    "title": "Salama v rezinah",
    "category": "Food",
    "product_type": "RETAIL",
    "age_restriction": false,
    "is_used_product": false,
    "multipack": false,
    "online": false,
    "store": false,
    "quick_add_to_cart": false,
    "flash_sales": false,
    "having_videos": false,
    "having_threesixty": false,
    "price": 1.99,
    "old_price": 0.0,
    "currency_code": "EUR",
    "currency_symbol": "€",
    "has_star": true,
    "has_vat": false,
    "price_theme": "white_red",
    "variants_have_different_prices": false,
    "base_price_text": "1 kg = 19.90",
    "base_price_prefix": false,
    "packaging_text": "100 g",
    "discount_deleted_price": null,
    "discount_text": null,
    "discount_percentage": null,
    "discount_has_star": null,
    "show_discount": null,
    "show_percentage": null,
    "from_recommended_price": null,
    "availability_indicator": 0,
    "online_available": false,
    "min_orderable_quantity": 1,
    "orderable_quantities": [],
    "badge_texts": [
      "od 14.07. v trgovini"
    ],
    "badge_types": [
      "IN_STORE_FROM_DATE_FUTURE"
    ],
    "main_image": "https://imgproxy-retcat.assets.schwarz/iTeP9y3qAv-XB-huJ2afOUhV6RPC0t6n4HuhDQ_rK3g/sm:1/w:427/h:320/cz/M6Ly9wcm9kLWNhd/GFsb2ctbWVkaWEvc2kvMS9BMDEyNTc5QTUzMzNBMDhFRjVGRUJGNDd/BNzQyQkE4ODQzNEMyODgyREQyOTA3NzlCQjUyRkNEMTE1RjAxQjZFLmpwZw.jpg",
    "image_list": [
      "https://imgproxy-retcat.assets.schwarz/iTeP9y3qAv-XB-huJ2afOUhV6RPC0t6n4HuhDQ_rK3g/sm:1/w:427/h:320/cz/M6Ly9wcm9kLWNhd/GFsb2ctbWVkaWEvc2kvMS9BMDEyNTc5QTUzMzNBMDhFRjVGRUJGNDd/BNzQyQkE4ODQzNEMyODgyREQyOTA3NzlCQjUyRkNEMTE1RjAxQjZFLmpwZw.jpg",
      "https://imgproxy-retcat.assets.schwarz/-d4QfzB7LIyYYZjJqzVzUXHhLdGvblS7ZtMy-YMCrZM/sm:1/w:427/h:320/cz/M6Ly9wcm9kLWNhd/GFsb2ctbWVkaWEvc2kvMS9GOEVDOTU0NjVGRUVGN0I4NzE3NEExMzg/3MkMyQURBQkEyQkNDOENCM0Y5RjlEMkM5QzBDMTYyRTVDQUNDNTRFLmpwZw.jpg",
      "https://imgproxy-retcat.assets.schwarz/Wg9quniSjiQoeSxbALlSzP2C2uWwKunnhtpeuGpkdiY/sm:1/w:427/h:320/cz/M6Ly9wcm9kLWNhd/GFsb2ctbWVkaWEvc2kvMS9ENjEzMEQwQzI4OTE2QkM0RURCQkQ1RTJ/CRUM5QUU2RTY3QjIxODNERDc3ODQ1Qzc1NEE0QkU3RTc1MDU2NDQ3LmpwZw.jpg"
    ],
    "image_accessibility": "Dve embalaži salam Topolo, pikantna in blaga.",
    "detailed_images": [
      {
        "url": "https://imgproxy-retcat.assets.schwarz/iTeP9y3qAv-XB-huJ2afOUhV6RPC0t6n4HuhDQ_rK3g/sm:1/w:427/h:320/cz/M6Ly9wcm9kLWNhd/GFsb2ctbWVkaWEvc2kvMS9BMDEyNTc5QTUzMzNBMDhFRjVGRUJGNDd/BNzQyQkE4ODQzNEMyODgyREQyOTA3NzlCQjUyRkNEMTE1RjAxQjZFLmpwZw.jpg",
        "accessibility": "Dve embalaži salam Topolo, pikantna in blaga."
      },
      {
        "url": "https://imgproxy-retcat.assets.schwarz/-d4QfzB7LIyYYZjJqzVzUXHhLdGvblS7ZtMy-YMCrZM/sm:1/w:427/h:320/cz/M6Ly9wcm9kLWNhd/GFsb2ctbWVkaWEvc2kvMS9GOEVDOTU0NjVGRUVGN0I4NzE3NEExMzg/3MkMyQURBQkEyQkNDOENCM0Y5RjlEMkM5QzBDMTYyRTVDQUNDNTRFLmpwZw.jpg",
        "accessibility": "Paket Testineve klobase."
      },
      {
        "url": "https://imgproxy-retcat.assets.schwarz/Wg9quniSjiQoeSxbALlSzP2C2uWwKunnhtpeuGpkdiY/sm:1/w:427/h:320/cz/M6Ly9wcm9kLWNhd/GFsb2ctbWVkaWEvc2kvMS9ENjEzMEQwQzI4OTE2QkM0RURCQkQ1RTJ/CRUM5QUU2RTY3QjIxODNERDc3ODQ1Qzc1NEE0QkU3RTc1MDU2NDQ3LmpwZw.jpg",
        "accessibility": "Paket narezka Kmetija Škofja Loka."
      }
    ],
    "analytics_category": "Food",
    "more_details": "Dodatne podrobnosti o izdelku",
    "won_category_primary": "Svetovi potreb/Hrana in bližnja hrana/Klobase in meso",
    "won_category_primary_path": "0/17/1717",
    "canonical_path": "/p/alpenfest-salama-v-rezinah/p10082777",
    "canonical_url": "/p/alpenfest-salama-v-rezinah/p10082777",
    "awards": [],
    "seals": [
      {
        "altText": "Nalepka: Hlajeno",
        "image": "https://imgproxy-retcat.assets.schwarz/7x3Iby7aD19hFySDnP2YoXt7E1r0JrvJVj0QO1gUOes/sm:1/w:140/cz/M6Ly9wcm9kLWNhd/GFsb2ctbWVkaWEvc2kvMi8xMzFBN0E2RDlCREZGREQxOEE2OTFDNEZ/FNDE5RTM0QUMxQjY4OEQ0OUY2QTAxMTRDRjQ1RjdCNTNDRjM2NUJBLnBuZw.png"
      }
    ],
    "ribbons": [],
    "highlighted_seals": 0,
    "lidl_plus": [],
    "regions": [],
    "ians": [
      "5006858"
    ],
    "show_brand": true,
    "deal_of_day_active": false,
    "full_title_meta": "ALPENFEST Salama v rezinah",
    "lists": [
      4991
    ],
    "preview": false,
    "category_breadcrumbs": [
      {
        "id": "10068374",
        "name": "Hrana in pijača",
        "url": "/c/hrana-in-pijaca/s10068374",
        "hidden": false
      },
      {
        "id": "10071016",
        "name": "Meso in mesni izdelki",
        "url": "/h/meso-in-mesni-izdelki/h10071016",
        "hidden": false
      }
    ],
    "campaigns": [
      {
        "id": "Next_Sales_Week",
        "name": "Naslednji teden",
        "url": null,
        "hidden": false
      },
      {
        "id": "10075265",
        "name": "Navdih Alp",
        "url": "/c/navdih-alp/a10075265",
        "hidden": false
      }
    ],
    "world_of_needs_code": "1717",
    "world_of_needs_name": "Klobase in meso",
    "world_of_needs_parent": "17",
    "is_main_category": true,
    "super_categories": [
      {
        "code": "17",
        "name": "Hrana in bližnja hrana",
        "parent": "0"
      },
      {
        "code": "0",
        "name": "Svetovi potreb",
        "parent": ""
      }
    ],
    "position": 253,
    "tracking_payload": {
      "searchTrackingMasterId": "Product.10082777",
      "searchTrackingTitle": "Salama+v+rezinah",
      "searchTrackingPageSize": 100,
      "searchTrackingPage": 3,
      "searchTrackingEvent": "click",
      "list": "search",
      "searchTrackingId": "Product.10082777",
      "searchTrackingOrigPos": 1,
      "searchTrackingPos": 253,
      "searchTrackingOrigPageSize": 100,
      "searchTrackingChannel": "SI",
      "category": "Food"
    }
  },
  {
    "code": "10082779",
    "name": "Sirova presta",
    "url": "",
    "result_class": "product",
    "type": "product",
    "product_id": 10082779,
    "erp_number": "10082779",
    "item_id": 10082779,
    "full_title": "Sirova presta",
    "title": "Sirova presta",
    "category": "Food",
    "product_type": "RETAIL",
    "age_restriction": false,
    "is_used_product": false,
    "multipack": false,
    "online": false,
    "store": false,
    "quick_add_to_cart": false,
    "flash_sales": false,
    "having_videos": false,
    "having_threesixty": false,
    "price": 0.59,
    "old_price": 0.0,
    "currency_code": "EUR",
    "currency_symbol": "€",
    "has_star": true,
    "has_vat": false,
    "price_theme": "white_red",
    "variants_have_different_prices": false,
    "base_price_text": "1 kg = 5.90",
    "base_price_prefix": false,
    "packaging_text": "100 g",
    "discount_deleted_price": null,
    "discount_text": null,
    "discount_percentage": null,
    "discount_has_star": null,
    "show_discount": null,
    "show_percentage": null,
    "from_recommended_price": null,
    "availability_indicator": 0,
    "online_available": false,
    "min_orderable_quantity": 1,
    "orderable_quantities": [],
    "badge_texts": [
      "od 14.07. v trgovini"
    ],
    "badge_types": [
      "IN_STORE_FROM_DATE_FUTURE"
    ],
    "main_image": "https://imgproxy-retcat.assets.schwarz/XC6VBH50fIOrpiE2oLuc9kaJ-FwANsXw_KF8AbChozc/sm:1/w:427/h:320/cz/M6Ly9wcm9kLWNhd/GFsb2ctbWVkaWEvc2kvMS82MTM4MjU3MUJGNUI2NEJEQzEzODBENTQ/0NjdCOTVDRDcyQkE2M0QxQTM2N0JFNjU4NTMyMTJBMEM1MUIwQzYzLmpwZw.jpg",
    "image_list": [
      "https://imgproxy-retcat.assets.schwarz/XC6VBH50fIOrpiE2oLuc9kaJ-FwANsXw_KF8AbChozc/sm:1/w:427/h:320/cz/M6Ly9wcm9kLWNhd/GFsb2ctbWVkaWEvc2kvMS82MTM4MjU3MUJGNUI2NEJEQzEzODBENTQ/0NjdCOTVDRDcyQkE2M0QxQTM2N0JFNjU4NTMyMTJBMEM1MUIwQzYzLmpwZw.jpg"
    ],
    "image_accessibility": "Slaniki na lesenem podstavku.",
    "detailed_images": [
      {
        "url": "https://imgproxy-retcat.assets.schwarz/XC6VBH50fIOrpiE2oLuc9kaJ-FwANsXw_KF8AbChozc/sm:1/w:427/h:320/cz/M6Ly9wcm9kLWNhd/GFsb2ctbWVkaWEvc2kvMS82MTM4MjU3MUJGNUI2NEJEQzEzODBENTQ/0NjdCOTVDRDcyQkE2M0QxQTM2N0JFNjU4NTMyMTJBMEM1MUIwQzYzLmpwZw.jpg",
        "accessibility": "Slaniki na lesenem podstavku."
      }
    ],
    "analytics_category": "Food",
    "more_details": "Dodatne podrobnosti o izdelku",
    "won_category_primary": "Svetovi potreb/Hrana in bližnja hrana/Jajca in osnovna živila (testenine, moka, stročnice itd.)",
    "won_category_primary_path": "0/17/1715",
    "canonical_path": "/p/sirova-presta/p10082779",
    "canonical_url": "/p/sirova-presta/p10082779",
    "awards": [],
    "seals": [
      {
        "altText": "Nalepka: v Lidllovi pekárni",
        "image": "https://imgproxy-retcat.assets.schwarz/vVJLlljLGz43HBloS2eDZZvecUNVkOWmJ3lx481UV_U/sm:1/w:140/cz/M6Ly9wcm9kLWNhd/GFsb2ctbWVkaWEvc2kvMi9DRUVGRjU5RDJEMTdEODVDNURDNkYyOUJ/EMTlFQjY3RDhDOEJFMkQzNDQ5NEM2QURFOEFCRkE5NkQzMDZBQzkyLnBuZw.png"
      }
    ],
    "ribbons": [],
    "highlighted_seals": 0,
    "lidl_plus": [],
    "regions": [],
    "ians": [
      "99773"
    ],
    "show_brand": false,
    "deal_of_day_active": false,
    "full_title_meta": "Sirova presta",
    "lists": [
      4991
    ],
    "preview": false,
    "category_breadcrumbs": [
      {
        "id": "10068374",
        "name": "Hrana in pijača",
        "url": "/c/hrana-in-pijaca/s10068374",
        "hidden": false
      },
      {
        "id": "10071045",
        "name": "Jajca in osnovna živila",
        "url": "/h/jajca-in-osnovna-zivila/h10071045",
        "hidden": false
      }
    ],
    "campaigns": [
      {
        "id": "Next_Sales_Week",
        "name": "Naslednji teden",
        "url": null,
        "hidden": false
      },
      {
        "id": "10075265",
        "name": "Navdih Alp",
        "url": "/c/navdih-alp/a10075265",
        "hidden": false
      }
    ],
    "world_of_needs_code": "1715",
    "world_of_needs_name": "Jajca in osnovna živila (testenine, moka, stročnice itd.)",
    "world_of_needs_parent": "17",
    "is_main_category": true,
    "super_categories": [
      {
        "code": "17",
        "name": "Hrana in bližnja hrana",
        "parent": "0"
      },
      {
        "code": "0",
        "name": "Svetovi potreb",
        "parent": ""
      }
    ],
    "position": 254,
    "tracking_payload": {
      "searchTrackingMasterId": "Product.10082779",
      "searchTrackingTitle": "Sirova+presta",
      "searchTrackingPageSize": 100,
      "searchTrackingPage": 3,
      "searchTrackingEvent": "click",
      "list": "search",
      "searchTrackingId": "Product.10082779",
      "searchTrackingOrigPos": 1,
      "searchTrackingPos": 254,
      "searchTrackingOrigPageSize": 100,
      "searchTrackingChannel": "SI",
      "category": "Food"
    }
  },
  {
    "code": "10082781",
    "name": "Skutin kolač",
    "url": "",
    "result_class": "product",
    "type": "product",
    "product_id": 10082781,
    "erp_number": "10082781",
    "item_id": 10082781,
    "full_title": "ALPENFEST Skutin kolač",
    "title": "Skutin kolač",
    "category": "Food",
    "product_type": "RETAIL",
    "age_restriction": false,
    "is_used_product": false,
    "multipack": false,
    "online": false,
    "store": false,
    "quick_add_to_cart": false,
    "flash_sales": false,
    "having_videos": false,
    "having_threesixty": false,
    "price": 5.49,
    "old_price": 0.0,
    "currency_code": "EUR",
    "currency_symbol": "€",
    "has_star": true,
    "has_vat": false,
    "price_theme": "white_red",
    "variants_have_different_prices": false,
    "base_price_text": "1 kg = 4.39",
    "base_price_prefix": false,
    "packaging_text": "1250 g",
    "discount_deleted_price": null,
    "discount_text": "ZGRABITE PRILOŽNOST!",
    "discount_percentage": null,
    "discount_has_star": false,
    "show_discount": false,
    "show_percentage": false,
    "from_recommended_price": false,
    "availability_indicator": 0,
    "online_available": false,
    "min_orderable_quantity": 1,
    "orderable_quantities": [],
    "badge_texts": [
      "od 14.07. v trgovini"
    ],
    "badge_types": [
      "IN_STORE_FROM_DATE_FUTURE"
    ],
    "main_image": "https://imgproxy-retcat.assets.schwarz/vLy5zNJK4uJvaCAa3Hl4NEDhDfruX3LXhSyWKkYRtdY/sm:1/w:427/h:320/cz/M6Ly9wcm9kLWNhd/GFsb2ctbWVkaWEvc2kvMS83M0IyQjEwMEJFRjUxQTVERjM2NjNENjd/GMDZCRjNEOTQ1ODVDNEI1NDY0RjExMkJERTAzRkMzRERCRjVGNDIzLmpwZw.jpg",
    "image_list": [
      "https://imgproxy-retcat.assets.schwarz/vLy5zNJK4uJvaCAa3Hl4NEDhDfruX3LXhSyWKkYRtdY/sm:1/w:427/h:320/cz/M6Ly9wcm9kLWNhd/GFsb2ctbWVkaWEvc2kvMS83M0IyQjEwMEJFRjUxQTVERjM2NjNENjd/GMDZCRjNEOTQ1ODVDNEI1NDY0RjExMkJERTAzRkMzRERCRjVGNDIzLmpwZw.jpg"
    ],
    "image_accessibility": "Škatla Alpina Fest mešanice za cheesecake.",
    "detailed_images": [
      {
        "url": "https://imgproxy-retcat.assets.schwarz/vLy5zNJK4uJvaCAa3Hl4NEDhDfruX3LXhSyWKkYRtdY/sm:1/w:427/h:320/cz/M6Ly9wcm9kLWNhd/GFsb2ctbWVkaWEvc2kvMS83M0IyQjEwMEJFRjUxQTVERjM2NjNENjd/GMDZCRjNEOTQ1ODVDNEI1NDY0RjExMkJERTAzRkMzRERCRjVGNDIzLmpwZw.jpg",
        "accessibility": "Škatla Alpina Fest mešanice za cheesecake."
      }
    ],
    "analytics_category": "Food",
    "more_details": "Dodatne podrobnosti o izdelku",
    "won_category_primary": "Svetovi potreb/Hrana in bližnja hrana/Sir in mlečni izdelki (vključno z maslom in sirom)",
    "won_category_primary_path": "0/17/1718",
    "canonical_path": "/p/alpenfest-skutin-kolac/p10082781",
    "canonical_url": "/p/alpenfest-skutin-kolac/p10082781",
    "awards": [],
    "seals": [
      {
        "altText": "Znak: Zamrznjeno",
        "image": "https://imgproxy-retcat.assets.schwarz/ayWyw20LfIYJzOhoc4KvR8G0z3S3CSGFD0vHUIK3dgY/sm:1/w:140/cz/M6Ly9wcm9kLWNhd/GFsb2ctbWVkaWEvc2kvMi81NkZCNjYzMzA5NkRFMERFNzUzNEI1ODY/xRDQ4Q0MxRTkxQkUzNUMxOTBGNTAyMURGMjJGODEyQzk0ODhCNTYwLnBuZw.png"
      }
    ],
    "ribbons": [],
    "highlighted_seals": 0,
    "lidl_plus": [],
    "regions": [],
    "ians": [
      "48376"
    ],
    "show_brand": true,
    "deal_of_day_active": false,
    "full_title_meta": "ALPENFEST Skutin kolač",
    "lists": [
      4991
    ],
    "preview": false,
    "category_breadcrumbs": [
      {
        "id": "10068374",
        "name": "Hrana in pijača",
        "url": "/c/hrana-in-pijaca/s10068374",
        "hidden": false
      },
      {
        "id": "10071017",
        "name": " Sir &  Mlečni izdelki",
        "url": "/h/sir-mlecni-izdelki/h10071017",
        "hidden": false
      }
    ],
    "campaigns": [
      {
        "id": "Next_Sales_Week",
        "name": "Naslednji teden",
        "url": null,
        "hidden": false
      },
      {
        "id": "10075265",
        "name": "Navdih Alp",
        "url": "/c/navdih-alp/a10075265",
        "hidden": false
      }
    ],
    "world_of_needs_code": "1718",
    "world_of_needs_name": "Sir in mlečni izdelki (vključno z maslom in sirom)",
    "world_of_needs_parent": "17",
    "is_main_category": true,
    "super_categories": [
      {
        "code": "17",
        "name": "Hrana in bližnja hrana",
        "parent": "0"
      },
      {
        "code": "0",
        "name": "Svetovi potreb",
        "parent": ""
      }
    ],
    "position": 255,
    "tracking_payload": {
      "searchTrackingMasterId": "Product.10082781",
      "searchTrackingTitle": "Skutin+kola%C4%8D",
      "searchTrackingPageSize": 100,
      "searchTrackingPage": 3,
      "searchTrackingEvent": "click",
      "list": "search",
      "searchTrackingId": "Product.10082781",
      "searchTrackingOrigPos": 1,
      "searchTrackingPos": 255,
      "searchTrackingOrigPageSize": 100,
      "searchTrackingChannel": "SI",
      "category": "Food"
    }
  },
  {
    "code": "10082783",
    "name": "Poltrdi/trdi sir",
    "url": "",
    "result_class": "product",
    "type": "product",
    "product_id": 10082783,
    "erp_number": "10082783",
    "item_id": 10082783,
    "full_title": "ALPENFEST Poltrdi/trdi sir",
    "title": "Poltrdi/trdi sir",
    "category": "Food",
    "product_type": "RETAIL",
    "age_restriction": false,
    "is_used_product": false,
    "multipack": false,
    "online": false,
    "store": false,
    "quick_add_to_cart": false,
    "flash_sales": false,
    "having_videos": false,
    "having_threesixty": false,
    "price": 2.99,
    "old_price": 0.0,
    "currency_code": "EUR",
    "currency_symbol": "€",
    "has_star": true,
    "has_vat": false,
    "price_theme": "white_red",
    "variants_have_different_prices": false,
    "base_price_text": "1 kg = 11.96",
    "base_price_prefix": false,
    "packaging_text": "250 g",
    "discount_deleted_price": null,
    "discount_text": null,
    "discount_percentage": null,
    "discount_has_star": null,
    "show_discount": null,
    "show_percentage": null,
    "from_recommended_price": null,
    "availability_indicator": 0,
    "online_available": false,
    "min_orderable_quantity": 1,
    "orderable_quantities": [],
    "badge_texts": [
      "od 14.07. v trgovini"
    ],
    "badge_types": [
      "IN_STORE_FROM_DATE_FUTURE"
    ],
    "main_image": "https://imgproxy-retcat.assets.schwarz/l7Q05JIwimzwQ78C7J6A8nFHT_zkVL-VYRba7dHBrkI/sm:1/w:427/h:320/cz/M6Ly9wcm9kLWNhd/GFsb2ctbWVkaWEvc2kvMS84OEI4QzBCRDRCMDQ5RTQ0NTJEQjMyMzI/xOTZDQ0YyQzBGRkFBQjIzQTk5NzlDREI3MEE5RUQ2ODYyREI2QzhCLmpwZw.jpg",
    "image_list": [
      "https://imgproxy-retcat.assets.schwarz/l7Q05JIwimzwQ78C7J6A8nFHT_zkVL-VYRba7dHBrkI/sm:1/w:427/h:320/cz/M6Ly9wcm9kLWNhd/GFsb2ctbWVkaWEvc2kvMS84OEI4QzBCRDRCMDQ5RTQ0NTJEQjMyMzI/xOTZDQ0YyQzBGRkFBQjIzQTk5NzlDREI3MEE5RUQ2ODYyREI2QzhCLmpwZw.jpg",
      "https://imgproxy-retcat.assets.schwarz/HyScZXJfqHZODuN7gBM3dgwaInznVIYrVF3eP5uNPtw/sm:1/w:427/h:320/cz/M6Ly9wcm9kLWNhd/GFsb2ctbWVkaWEvc2kvMS9GNDc0MUQyNDI2MTE5NTBDNjZEMEMxOEV/FMDhEREVEOEQwQzQyQzA4QTVGQzQ3QkI0OTA1RUMxNDExODk4OUQ0LmpwZw.jpg",
      "https://imgproxy-retcat.assets.schwarz/6LwApKic26loMI-jiVvQ2octEa-1nx2hKqg2b6ZxGc4/sm:1/w:427/h:320/cz/M6Ly9wcm9kLWNhd/GFsb2ctbWVkaWEvc2kvMS84MDc2NTMzNTE2RERFQkI0N0EzQzU2QkI/4NENEODczN0NGMTI0QTg5RjQ0ODBDNUJBRTdCMkQzMjg1NzAyMjNELmpwZw.jpg"
    ],
    "image_accessibility": "Dve vrečki Hochland Masdam sira.",
    "detailed_images": [
      {
        "url": "https://imgproxy-retcat.assets.schwarz/l7Q05JIwimzwQ78C7J6A8nFHT_zkVL-VYRba7dHBrkI/sm:1/w:427/h:320/cz/M6Ly9wcm9kLWNhd/GFsb2ctbWVkaWEvc2kvMS84OEI4QzBCRDRCMDQ5RTQ0NTJEQjMyMzI/xOTZDQ0YyQzBGRkFBQjIzQTk5NzlDREI3MEE5RUQ2ODYyREI2QzhCLmpwZw.jpg",
        "accessibility": "Dve vrečki Hochland Masdam sira."
      },
      {
        "url": "https://imgproxy-retcat.assets.schwarz/HyScZXJfqHZODuN7gBM3dgwaInznVIYrVF3eP5uNPtw/sm:1/w:427/h:320/cz/M6Ly9wcm9kLWNhd/GFsb2ctbWVkaWEvc2kvMS9GNDc0MUQyNDI2MTE5NTBDNjZEMEMxOEV/FMDhEREVEOEQwQzQyQzA4QTVGQzQ3QkI0OTA1RUMxNDExODk4OUQ0LmpwZw.jpg",
        "accessibility": "Paket Bergkäse sira."
      },
      {
        "url": "https://imgproxy-retcat.assets.schwarz/6LwApKic26loMI-jiVvQ2octEa-1nx2hKqg2b6ZxGc4/sm:1/w:427/h:320/cz/M6Ly9wcm9kLWNhd/GFsb2ctbWVkaWEvc2kvMS84MDc2NTMzNTE2RERFQkI0N0EzQzU2QkI/4NENEODczN0NGMTI0QTg5RjQ0ODBDNUJBRTdCMkQzMjg1NzAyMjNELmpwZw.jpg",
        "accessibility": "Paket Hochländer sira."
      }
    ],
    "analytics_category": "Food",
    "more_details": "Dodatne podrobnosti o izdelku",
    "won_category_primary": "Svetovi potreb/Hrana in bližnja hrana/Sir in mlečni izdelki (vključno z maslom in sirom)",
    "won_category_primary_path": "0/17/1718",
    "canonical_path": "/p/alpenfest-poltrdi-trdi-sir/p10082783",
    "canonical_url": "/p/alpenfest-poltrdi-trdi-sir/p10082783",
    "awards": [],
    "seals": [
      {
        "altText": "Nalepka: Hlajeno",
        "image": "https://imgproxy-retcat.assets.schwarz/7x3Iby7aD19hFySDnP2YoXt7E1r0JrvJVj0QO1gUOes/sm:1/w:140/cz/M6Ly9wcm9kLWNhd/GFsb2ctbWVkaWEvc2kvMi8xMzFBN0E2RDlCREZGREQxOEE2OTFDNEZ/FNDE5RTM0QUMxQjY4OEQ0OUY2QTAxMTRDRjQ1RjdCNTNDRjM2NUJBLnBuZw.png"
      }
    ],
    "ribbons": [],
    "highlighted_seals": 0,
    "lidl_plus": [],
    "regions": [],
    "ians": [
      "5006843"
    ],
    "show_brand": true,
    "deal_of_day_active": false,
    "full_title_meta": "ALPENFEST Poltrdi/trdi sir",
    "lists": [
      4991
    ],
    "preview": false,
    "category_breadcrumbs": [
      {
        "id": "10068374",
        "name": "Hrana in pijača",
        "url": "/c/hrana-in-pijaca/s10068374",
        "hidden": false
      },
      {
        "id": "10071017",
        "name": " Sir &  Mlečni izdelki",
        "url": "/h/sir-mlecni-izdelki/h10071017",
        "hidden": false
      }
    ],
    "campaigns": [
      {
        "id": "Next_Sales_Week",
        "name": "Naslednji teden",
        "url": null,
        "hidden": false
      },
      {
        "id": "10075265",
        "name": "Navdih Alp",
        "url": "/c/navdih-alp/a10075265",
        "hidden": false
      }
    ],
    "world_of_needs_code": "1718",
    "world_of_needs_name": "Sir in mlečni izdelki (vključno z maslom in sirom)",
    "world_of_needs_parent": "17",
    "is_main_category": true,
    "super_categories": [
      {
        "code": "17",
        "name": "Hrana in bližnja hrana",
        "parent": "0"
      },
      {
        "code": "0",
        "name": "Svetovi potreb",
        "parent": ""
      }
    ],
    "position": 256,
    "tracking_payload": {
      "searchTrackingMasterId": "Product.10082783",
      "searchTrackingTitle": "Poltrdi%2Ftrdi+sir",
      "searchTrackingPageSize": 100,
      "searchTrackingPage": 3,
      "searchTrackingEvent": "click",
      "list": "search",
      "searchTrackingId": "Product.10082783",
      "searchTrackingOrigPos": 1,
      "searchTrackingPos": 256,
      "searchTrackingOrigPageSize": 100,
      "searchTrackingChannel": "SI",
      "category": "Food"
    }
  },
  {
    "code": "10082785",
    "name": "Tirolski narezek",
    "url": "",
    "result_class": "product",
    "type": "product",
    "product_id": 10082785,
    "erp_number": "10082785",
    "item_id": 10082785,
    "full_title": "ALPENFEST Tirolski narezek",
    "title": "Tirolski narezek",
    "category": "Food",
    "product_type": "RETAIL",
    "age_restriction": false,
    "is_used_product": false,
    "multipack": false,
    "online": false,
    "store": false,
    "quick_add_to_cart": false,
    "flash_sales": false,
    "having_videos": false,
    "having_threesixty": false,
    "price": 1.99,
    "old_price": 0.0,
    "currency_code": "EUR",
    "currency_symbol": "€",
    "has_star": true,
    "has_vat": false,
    "price_theme": "white_red",
    "variants_have_different_prices": false,
    "base_price_text": "1 kg = 19.90",
    "base_price_prefix": false,
    "packaging_text": "100 g",
    "discount_deleted_price": null,
    "discount_text": null,
    "discount_percentage": null,
    "discount_has_star": null,
    "show_discount": null,
    "show_percentage": null,
    "from_recommended_price": null,
    "availability_indicator": 0,
    "online_available": false,
    "min_orderable_quantity": 1,
    "orderable_quantities": [],
    "badge_texts": [
      "od 14.07. v trgovini"
    ],
    "badge_types": [
      "IN_STORE_FROM_DATE_FUTURE"
    ],
    "main_image": "https://imgproxy-retcat.assets.schwarz/3v1hL6wiz4LaenUgZfCeg2AopxJ6rGy4X5CJOnR0-8g/sm:1/w:427/h:320/cz/M6Ly9wcm9kLWNhd/GFsb2ctbWVkaWEvc2kvMS83QkYzNjUzNzNBRjA5NzcxREVCM0Q2NzA/wN0U1NUIzNjk5RkJGQjNGNTZCM0Q3NTkzQTIwNEI2NkJERDlBRjMyLmpwZw.jpg",
    "image_list": [
      "https://imgproxy-retcat.assets.schwarz/3v1hL6wiz4LaenUgZfCeg2AopxJ6rGy4X5CJOnR0-8g/sm:1/w:427/h:320/cz/M6Ly9wcm9kLWNhd/GFsb2ctbWVkaWEvc2kvMS83QkYzNjUzNzNBRjA5NzcxREVCM0Q2NzA/wN0U1NUIzNjk5RkJGQjNGNTZCM0Q3NTkzQTIwNEI2NkJERDlBRjMyLmpwZw.jpg",
      "https://imgproxy-retcat.assets.schwarz/9N6DIKZ8vHhUkgupPVU74R833CAq7sotwtLK7B85bXU/sm:1/w:427/h:320/cz/M6Ly9wcm9kLWNhd/GFsb2ctbWVkaWEvc2kvMS9BOTc0QjJERjIyRDQ2MjE0RDE2MTAzNEQ/wQzVCRjZDNEFFNjI0OTNCNjQzQjhCNkFGOUFFMUQxMzY5NTFGNTlELmpwZw.jpg",
      "https://imgproxy-retcat.assets.schwarz/YdJZWuQ6BbOoK1L6SQpde4oUEjVU8116GAG-JDI8kfI/sm:1/w:427/h:320/cz/M6Ly9wcm9kLWNhd/GFsb2ctbWVkaWEvc2kvMS9CN0VDRDdCRDE5Mjg3QjkxRDhBNkYyQUM/5QUJDMTNDRkE5MEE3MDA3QjY1RkIzMTI3M0NGQTA1QTFBRDI3NURBLmpwZw.jpg"
    ],
    "image_accessibility": "Dve vakuumsko pakirani vrsti pršuta, verjetno blagovne znamke Boar's Head.",
    "detailed_images": [
      {
        "url": "https://imgproxy-retcat.assets.schwarz/3v1hL6wiz4LaenUgZfCeg2AopxJ6rGy4X5CJOnR0-8g/sm:1/w:427/h:320/cz/M6Ly9wcm9kLWNhd/GFsb2ctbWVkaWEvc2kvMS83QkYzNjUzNzNBRjA5NzcxREVCM0Q2NzA/wN0U1NUIzNjk5RkJGQjNGNTZCM0Q3NTkzQTIwNEI2NkJERDlBRjMyLmpwZw.jpg",
        "accessibility": "Dve vakuumsko pakirani vrsti pršuta, verjetno blagovne znamke Boar's Head."
      },
      {
        "url": "https://imgproxy-retcat.assets.schwarz/9N6DIKZ8vHhUkgupPVU74R833CAq7sotwtLK7B85bXU/sm:1/w:427/h:320/cz/M6Ly9wcm9kLWNhd/GFsb2ctbWVkaWEvc2kvMS9BOTc0QjJERjIyRDQ2MjE0RDE2MTAzNEQ/wQzVCRjZDNEFFNjI0OTNCNjQzQjhCNkFGOUFFMUQxMzY5NTFGNTlELmpwZw.jpg",
        "accessibility": "Paket narezka Prosciutto di Parma."
      },
      {
        "url": "https://imgproxy-retcat.assets.schwarz/YdJZWuQ6BbOoK1L6SQpde4oUEjVU8116GAG-JDI8kfI/sm:1/w:427/h:320/cz/M6Ly9wcm9kLWNhd/GFsb2ctbWVkaWEvc2kvMS9CN0VDRDdCRDE5Mjg3QjkxRDhBNkYyQUM/5QUJDMTNDRkE5MEE3MDA3QjY1RkIzMTI3M0NGQTA1QTFBRDI3NURBLmpwZw.jpg",
        "accessibility": "Pakiranje tanko narezanih rezin mesa."
      }
    ],
    "analytics_category": "Food",
    "more_details": "Dodatne podrobnosti o izdelku",
    "won_category_primary": "Svetovi potreb/Hrana in bližnja hrana/Klobase in meso",
    "won_category_primary_path": "0/17/1717",
    "canonical_path": "/p/alpenfest-tirolski-narezek/p10082785",
    "canonical_url": "/p/alpenfest-tirolski-narezek/p10082785",
    "awards": [],
    "seals": [
      {
        "altText": "Zaščitena geografska označba.",
        "image": "https://imgproxy-retcat.assets.schwarz/iqWdzqe1AnDrrddJxIljNW9dfEUwlB16PhpW5kt6szw/sm:1/w:140/cz/M6Ly9wcm9kLWNhd/GFsb2ctbWVkaWEvc2kvMi9GQzlENTczN0ZGRDc3RUUzNjE1QzY5QTc/0Q0NDQUU2NTdBMjk2NEIzRjc4MzY1RThCQjk5NjFDNDcwNzlGRjdELnBuZw.png"
      },
      {
        "altText": "Nalepka: Hlajeno",
        "image": "https://imgproxy-retcat.assets.schwarz/7x3Iby7aD19hFySDnP2YoXt7E1r0JrvJVj0QO1gUOes/sm:1/w:140/cz/M6Ly9wcm9kLWNhd/GFsb2ctbWVkaWEvc2kvMi8xMzFBN0E2RDlCREZGREQxOEE2OTFDNEZ/FNDE5RTM0QUMxQjY4OEQ0OUY2QTAxMTRDRjQ1RjdCNTNDRjM2NUJBLnBuZw.png"
      }
    ],
    "ribbons": [],
    "highlighted_seals": 0,
    "lidl_plus": [],
    "regions": [],
    "ians": [
      "90603"
    ],
    "show_brand": true,
    "deal_of_day_active": false,
    "full_title_meta": "ALPENFEST Tirolski narezek",
    "lists": [
      4991
    ],
    "preview": false,
    "category_breadcrumbs": [
      {
        "id": "10068374",
        "name": "Hrana in pijača",
        "url": "/c/hrana-in-pijaca/s10068374",
        "hidden": false
      },
      {
        "id": "10071016",
        "name": "Meso in mesni izdelki",
        "url": "/h/meso-in-mesni-izdelki/h10071016",
        "hidden": false
      }
    ],
    "campaigns": [
      {
        "id": "Next_Sales_Week",
        "name": "Naslednji teden",
        "url": null,
        "hidden": false
      },
      {
        "id": "10075265",
        "name": "Navdih Alp",
        "url": "/c/navdih-alp/a10075265",
        "hidden": false
      }
    ],
    "world_of_needs_code": "1717",
    "world_of_needs_name": "Klobase in meso",
    "world_of_needs_parent": "17",
    "is_main_category": true,
    "super_categories": [
      {
        "code": "17",
        "name": "Hrana in bližnja hrana",
        "parent": "0"
      },
      {
        "code": "0",
        "name": "Svetovi potreb",
        "parent": ""
      }
    ],
    "position": 257,
    "tracking_payload": {
      "searchTrackingMasterId": "Product.10082785",
      "searchTrackingTitle": "Tirolski+narezek",
      "searchTrackingPageSize": 100,
      "searchTrackingPage": 3,
      "searchTrackingEvent": "click",
      "list": "search",
      "searchTrackingId": "Product.10082785",
      "searchTrackingOrigPos": 1,
      "searchTrackingPos": 257,
      "searchTrackingOrigPageSize": 100,
      "searchTrackingChannel": "SI",
      "category": "Food"
    }
  },
  {
    "code": "10082789",
    "name": "Bavarske klobase za pečenje",
    "url": "",
    "result_class": "product",
    "type": "product",
    "product_id": 10082789,
    "erp_number": "10082789",
    "item_id": 10082789,
    "full_title": "ALPENFEST Bavarske klobase za pečenje",
    "title": "Bavarske klobase za pečenje",
    "category": "Food",
    "product_type": "RETAIL",
    "age_restriction": false,
    "is_used_product": false,
    "multipack": false,
    "online": false,
    "store": false,
    "quick_add_to_cart": false,
    "flash_sales": false,
    "having_videos": false,
    "having_threesixty": false,
    "price": 3.49,
    "old_price": 0.0,
    "currency_code": "EUR",
    "currency_symbol": "€",
    "has_star": true,
    "has_vat": false,
    "price_theme": "white_red",
    "variants_have_different_prices": false,
    "base_price_text": "1 kg = 8.73",
    "base_price_prefix": false,
    "packaging_text": "400 g",
    "discount_deleted_price": null,
    "discount_text": null,
    "discount_percentage": null,
    "discount_has_star": null,
    "show_discount": null,
    "show_percentage": null,
    "from_recommended_price": null,
    "availability_indicator": 0,
    "online_available": false,
    "min_orderable_quantity": 1,
    "orderable_quantities": [],
    "badge_texts": [
      "od 14.07. v trgovini"
    ],
    "badge_types": [
      "IN_STORE_FROM_DATE_FUTURE"
    ],
    "main_image": "https://imgproxy-retcat.assets.schwarz/_cocpoIRE0sN-dYgr4_tza5GZ5MgG2omF0MH0_fuy4g/sm:1/w:427/h:320/cz/M6Ly9wcm9kLWNhd/GFsb2ctbWVkaWEvc2kvMS9DMDAwQjQxQkQxQjkyNjRGQzY5NjE1QjM/2QURFM0YzQjM1QzAxNURBNUQ3OEQ2MjFDRUVBMDQxQTc3NzJCNTEzLmpwZw.jpg",
    "image_list": [
      "https://imgproxy-retcat.assets.schwarz/_cocpoIRE0sN-dYgr4_tza5GZ5MgG2omF0MH0_fuy4g/sm:1/w:427/h:320/cz/M6Ly9wcm9kLWNhd/GFsb2ctbWVkaWEvc2kvMS9DMDAwQjQxQkQxQjkyNjRGQzY5NjE1QjM/2QURFM0YzQjM1QzAxNURBNUQ3OEQ2MjFDRUVBMDQxQTc3NzJCNTEzLmpwZw.jpg"
    ],
    "image_accessibility": "Paket štirih Nemških klobas 'Nüdlinger Bratwurst' od proizvajalca Nüdlinger.",
    "detailed_images": [
      {
        "url": "https://imgproxy-retcat.assets.schwarz/_cocpoIRE0sN-dYgr4_tza5GZ5MgG2omF0MH0_fuy4g/sm:1/w:427/h:320/cz/M6Ly9wcm9kLWNhd/GFsb2ctbWVkaWEvc2kvMS9DMDAwQjQxQkQxQjkyNjRGQzY5NjE1QjM/2QURFM0YzQjM1QzAxNURBNUQ3OEQ2MjFDRUVBMDQxQTc3NzJCNTEzLmpwZw.jpg",
        "accessibility": "Paket štirih Nemških klobas 'Nüdlinger Bratwurst' od proizvajalca Nüdlinger."
      }
    ],
    "analytics_category": "Food",
    "more_details": "Dodatne podrobnosti o izdelku",
    "won_category_primary": "Svetovi potreb/Hrana in bližnja hrana/Klobase in meso",
    "won_category_primary_path": "0/17/1717",
    "canonical_path": "/p/alpenfest-bavarske-klobase-za-pecenje/p10082789",
    "canonical_url": "/p/alpenfest-bavarske-klobase-za-pecenje/p10082789",
    "awards": [],
    "seals": [
      {
        "altText": "Nalepka: Hlajeno",
        "image": "https://imgproxy-retcat.assets.schwarz/7x3Iby7aD19hFySDnP2YoXt7E1r0JrvJVj0QO1gUOes/sm:1/w:140/cz/M6Ly9wcm9kLWNhd/GFsb2ctbWVkaWEvc2kvMi8xMzFBN0E2RDlCREZGREQxOEE2OTFDNEZ/FNDE5RTM0QUMxQjY4OEQ0OUY2QTAxMTRDRjQ1RjdCNTNDRjM2NUJBLnBuZw.png"
      }
    ],
    "ribbons": [],
    "highlighted_seals": 0,
    "lidl_plus": [],
    "regions": [],
    "ians": [
      "120756"
    ],
    "show_brand": true,
    "deal_of_day_active": false,
    "full_title_meta": "ALPENFEST Bavarske klobase za pečenje",
    "lists": [
      4991
    ],
    "preview": false,
    "category_breadcrumbs": [
      {
        "id": "10068374",
        "name": "Hrana in pijača",
        "url": "/c/hrana-in-pijaca/s10068374",
        "hidden": false
      },
      {
        "id": "10071016",
        "name": "Meso in mesni izdelki",
        "url": "/h/meso-in-mesni-izdelki/h10071016",
        "hidden": false
      }
    ],
    "campaigns": [
      {
        "id": "Next_Sales_Week",
        "name": "Naslednji teden",
        "url": null,
        "hidden": false
      },
      {
        "id": "10075265",
        "name": "Navdih Alp",
        "url": "/c/navdih-alp/a10075265",
        "hidden": false
      }
    ],
    "world_of_needs_code": "1717",
    "world_of_needs_name": "Klobase in meso",
    "world_of_needs_parent": "17",
    "is_main_category": true,
    "super_categories": [
      {
        "code": "17",
        "name": "Hrana in bližnja hrana",
        "parent": "0"
      },
      {
        "code": "0",
        "name": "Svetovi potreb",
        "parent": ""
      }
    ],
    "position": 258,
    "tracking_payload": {
      "searchTrackingMasterId": "Product.10082789",
      "searchTrackingTitle": "Bavarske+klobase+za+pe%C4%8Denje",
      "searchTrackingPageSize": 100,
      "searchTrackingPage": 3,
      "searchTrackingEvent": "click",
      "list": "search",
      "searchTrackingId": "Product.10082789",
      "searchTrackingOrigPos": 1,
      "searchTrackingPos": 258,
      "searchTrackingOrigPageSize": 100,
      "searchTrackingChannel": "SI",
      "category": "Food"
    }
  },
  {
    "code": "10082797",
    "name": "Nürnberške pečenice",
    "url": "",
    "result_class": "product",
    "type": "product",
    "product_id": 10082797,
    "erp_number": "10082797",
    "item_id": 10082797,
    "full_title": "ALPENFEST Nürnberške pečenice",
    "title": "Nürnberške pečenice",
    "category": "Food",
    "product_type": "RETAIL",
    "age_restriction": false,
    "is_used_product": false,
    "multipack": false,
    "online": false,
    "store": false,
    "quick_add_to_cart": false,
    "flash_sales": false,
    "having_videos": false,
    "having_threesixty": false,
    "price": 2.99,
    "old_price": 0.0,
    "currency_code": "EUR",
    "currency_symbol": "€",
    "has_star": true,
    "has_vat": false,
    "price_theme": "white_red",
    "variants_have_different_prices": false,
    "base_price_text": "1 kg = 9.97",
    "base_price_prefix": false,
    "packaging_text": "300 g",
    "discount_deleted_price": null,
    "discount_text": null,
    "discount_percentage": null,
    "discount_has_star": null,
    "show_discount": null,
    "show_percentage": null,
    "from_recommended_price": null,
    "availability_indicator": 0,
    "online_available": false,
    "min_orderable_quantity": 1,
    "orderable_quantities": [],
    "badge_texts": [
      "od 14.07. v trgovini"
    ],
    "badge_types": [
      "IN_STORE_FROM_DATE_FUTURE"
    ],
    "main_image": "https://imgproxy-retcat.assets.schwarz/EDTGPbM7iiXgGpBB_Qwah7P4-wFPn4Tju7acL-xvqeg/sm:1/w:427/h:320/cz/M6Ly9wcm9kLWNhd/GFsb2ctbWVkaWEvc2kvMS83REExM0REMkExRjY3ODY0Mjc2MDJFQ0U/xRENDNTNGMTNFRDk3RDU4MUM3M0M4MzI2RERBQUI2RTkyNzIyNDcyLmpwZw.jpg",
    "image_list": [
      "https://imgproxy-retcat.assets.schwarz/EDTGPbM7iiXgGpBB_Qwah7P4-wFPn4Tju7acL-xvqeg/sm:1/w:427/h:320/cz/M6Ly9wcm9kLWNhd/GFsb2ctbWVkaWEvc2kvMS83REExM0REMkExRjY3ODY0Mjc2MDJFQ0U/xRENDNTNGMTNFRDk3RDU4MUM3M0M4MzI2RERBQUI2RTkyNzIyNDcyLmpwZw.jpg"
    ],
    "image_accessibility": "Paket klobas iz ekološkega kmetijstva.",
    "detailed_images": [
      {
        "url": "https://imgproxy-retcat.assets.schwarz/EDTGPbM7iiXgGpBB_Qwah7P4-wFPn4Tju7acL-xvqeg/sm:1/w:427/h:320/cz/M6Ly9wcm9kLWNhd/GFsb2ctbWVkaWEvc2kvMS83REExM0REMkExRjY3ODY0Mjc2MDJFQ0U/xRENDNTNGMTNFRDk3RDU4MUM3M0M4MzI2RERBQUI2RTkyNzIyNDcyLmpwZw.jpg",
        "accessibility": "Paket klobas iz ekološkega kmetijstva."
      }
    ],
    "analytics_category": "Food",
    "more_details": "Dodatne podrobnosti o izdelku",
    "won_category_primary": "Svetovi potreb/Hrana in bližnja hrana/Klobase in meso",
    "won_category_primary_path": "0/17/1717",
    "canonical_path": "/p/alpenfest-nurnberske-pecenice/p10082797",
    "canonical_url": "/p/alpenfest-nurnberske-pecenice/p10082797",
    "awards": [],
    "seals": [
      {
        "altText": "Zaščitena geografska označba.",
        "image": "https://imgproxy-retcat.assets.schwarz/iqWdzqe1AnDrrddJxIljNW9dfEUwlB16PhpW5kt6szw/sm:1/w:140/cz/M6Ly9wcm9kLWNhd/GFsb2ctbWVkaWEvc2kvMi9GQzlENTczN0ZGRDc3RUUzNjE1QzY5QTc/0Q0NDQUU2NTdBMjk2NEIzRjc4MzY1RThCQjk5NjFDNDcwNzlGRjdELnBuZw.png"
      },
      {
        "altText": "Nalepka: Hlajeno",
        "image": "https://imgproxy-retcat.assets.schwarz/7x3Iby7aD19hFySDnP2YoXt7E1r0JrvJVj0QO1gUOes/sm:1/w:140/cz/M6Ly9wcm9kLWNhd/GFsb2ctbWVkaWEvc2kvMi8xMzFBN0E2RDlCREZGREQxOEE2OTFDNEZ/FNDE5RTM0QUMxQjY4OEQ0OUY2QTAxMTRDRjQ1RjdCNTNDRjM2NUJBLnBuZw.png"
      }
    ],
    "ribbons": [],
    "highlighted_seals": 0,
    "lidl_plus": [],
    "regions": [],
    "ians": [
      "59530"
    ],
    "show_brand": true,
    "deal_of_day_active": false,
    "full_title_meta": "ALPENFEST Nürnberške pečenice",
    "lists": [
      4991
    ],
    "preview": false,
    "category_breadcrumbs": [
      {
        "id": "10068374",
        "name": "Hrana in pijača",
        "url": "/c/hrana-in-pijaca/s10068374",
        "hidden": false
      },
      {
        "id": "10071016",
        "name": "Meso in mesni izdelki",
        "url": "/h/meso-in-mesni-izdelki/h10071016",
        "hidden": false
      }
    ],
    "campaigns": [
      {
        "id": "Next_Sales_Week",
        "name": "Naslednji teden",
        "url": null,
        "hidden": false
      },
      {
        "id": "10075265",
        "name": "Navdih Alp",
        "url": "/c/navdih-alp/a10075265",
        "hidden": false
      }
    ],
    "world_of_needs_code": "1717",
    "world_of_needs_name": "Klobase in meso",
    "world_of_needs_parent": "17",
    "is_main_category": true,
    "super_categories": [
      {
        "code": "17",
        "name": "Hrana in bližnja hrana",
        "parent": "0"
      },
      {
        "code": "0",
        "name": "Svetovi potreb",
        "parent": ""
      }
    ],
    "position": 259,
    "tracking_payload": {
      "searchTrackingMasterId": "Product.10082797",
      "searchTrackingTitle": "N%C3%BCrnber%C5%A1ke+pe%C4%8Denice",
      "searchTrackingPageSize": 100,
      "searchTrackingPage": 3,
      "searchTrackingEvent": "click",
      "list": "search",
      "searchTrackingId": "Product.10082797",
      "searchTrackingOrigPos": 1,
      "searchTrackingPos": 259,
      "searchTrackingOrigPageSize": 100,
      "searchTrackingChannel": "SI",
      "category": "Food"
    }
  },
  {
    "code": "10082799",
    "name": "Preste",
    "url": "",
    "result_class": "product",
    "type": "product",
    "product_id": 10082799,
    "erp_number": "10082799",
    "item_id": 10082799,
    "full_title": "ALPENFEST Preste",
    "title": "Preste",
    "category": "Food",
    "product_type": "RETAIL",
    "age_restriction": false,
    "is_used_product": false,
    "multipack": false,
    "online": false,
    "store": false,
    "quick_add_to_cart": false,
    "flash_sales": false,
    "having_videos": false,
    "having_threesixty": false,
    "price": 2.29,
    "old_price": 0.0,
    "currency_code": "EUR",
    "currency_symbol": "€",
    "has_star": true,
    "has_vat": false,
    "price_theme": "white_red",
    "variants_have_different_prices": false,
    "base_price_text": "1 kg = 2.64",
    "base_price_prefix": false,
    "packaging_text": "868 g (10 kosov)",
    "discount_deleted_price": null,
    "discount_text": null,
    "discount_percentage": null,
    "discount_has_star": null,
    "show_discount": null,
    "show_percentage": null,
    "from_recommended_price": null,
    "availability_indicator": 0,
    "online_available": false,
    "min_orderable_quantity": 1,
    "orderable_quantities": [],
    "badge_texts": [
      "od 14.07. v trgovini"
    ],
    "badge_types": [
      "IN_STORE_FROM_DATE_FUTURE"
    ],
    "main_image": "https://imgproxy-retcat.assets.schwarz/Oll07mGjjR6HoVwOiT_vj9rQ1Oj4HjKSK4jlWthFMYM/sm:1/w:427/h:320/cz/M6Ly9wcm9kLWNhd/GFsb2ctbWVkaWEvc2kvMS9ERDYyRUFGNTY0RTM5QTNBMjk3QzEzQzM/1NUIwMDBCOUVFQ0FCNzQzMzMzN0VFNkFCOERDQ0NDNDQwMjY1Q0Q2LmpwZw.jpg",
    "image_list": [
      "https://imgproxy-retcat.assets.schwarz/Oll07mGjjR6HoVwOiT_vj9rQ1Oj4HjKSK4jlWthFMYM/sm:1/w:427/h:320/cz/M6Ly9wcm9kLWNhd/GFsb2ctbWVkaWEvc2kvMS9ERDYyRUFGNTY0RTM5QTNBMjk3QzEzQzM/1NUIwMDBCOUVFQ0FCNzQzMzMzN0VFNkFCOERDQ0NDNDQwMjY1Q0Q2LmpwZw.jpg"
    ],
    "image_accessibility": "Paket pripravljenih za peko Albrecht Fest pretcnov.",
    "detailed_images": [
      {
        "url": "https://imgproxy-retcat.assets.schwarz/Oll07mGjjR6HoVwOiT_vj9rQ1Oj4HjKSK4jlWthFMYM/sm:1/w:427/h:320/cz/M6Ly9wcm9kLWNhd/GFsb2ctbWVkaWEvc2kvMS9ERDYyRUFGNTY0RTM5QTNBMjk3QzEzQzM/1NUIwMDBCOUVFQ0FCNzQzMzMzN0VFNkFCOERDQ0NDNDQwMjY1Q0Q2LmpwZw.jpg",
        "accessibility": "Paket pripravljenih za peko Albrecht Fest pretcnov."
      }
    ],
    "analytics_category": "Food",
    "more_details": "Dodatne podrobnosti o izdelku",
    "won_category_primary": "Svetovi potreb/Hrana in bližnja hrana/Jajca in osnovna živila (testenine, moka, stročnice itd.)",
    "won_category_primary_path": "0/17/1715",
    "canonical_path": "/p/alpenfest-preste/p10082799",
    "canonical_url": "/p/alpenfest-preste/p10082799",
    "awards": [],
    "seals": [
      {
        "altText": "Veganski znak V-Label International.",
        "image": "https://imgproxy-retcat.assets.schwarz/ISLamvPk8hk69l-VadCrdVW2krGoAe5YiNwWvgfLhC8/sm:1/w:140/cz/M6Ly9wcm9kLWNhd/GFsb2ctbWVkaWEvc2kvMi9BRDRDNEYxMzQwRDI3OTU2NEY5NzNFN0M/3M0UzQjk3ODM5OEQ5QTAxRTlDREVEOEY4MjRBRjBCNTBCMzI1M0EzLnBuZw.png"
      },
      {
        "altText": "Znak: Zamrznjeno",
        "image": "https://imgproxy-retcat.assets.schwarz/ayWyw20LfIYJzOhoc4KvR8G0z3S3CSGFD0vHUIK3dgY/sm:1/w:140/cz/M6Ly9wcm9kLWNhd/GFsb2ctbWVkaWEvc2kvMi81NkZCNjYzMzA5NkRFMERFNzUzNEI1ODY/xRDQ4Q0MxRTkxQkUzNUMxOTBGNTAyMURGMjJGODEyQzk0ODhCNTYwLnBuZw.png"
      }
    ],
    "ribbons": [],
    "highlighted_seals": 0,
    "lidl_plus": [],
    "regions": [],
    "ians": [
      "161717"
    ],
    "show_brand": true,
    "deal_of_day_active": false,
    "full_title_meta": "ALPENFEST Preste",
    "lists": [
      4991
    ],
    "preview": false,
    "category_breadcrumbs": [
      {
        "id": "10068374",
        "name": "Hrana in pijača",
        "url": "/c/hrana-in-pijaca/s10068374",
        "hidden": false
      },
      {
        "id": "10071045",
        "name": "Jajca in osnovna živila",
        "url": "/h/jajca-in-osnovna-zivila/h10071045",
        "hidden": false
      }
    ],
    "campaigns": [
      {
        "id": "Next_Sales_Week",
        "name": "Naslednji teden",
        "url": null,
        "hidden": false
      },
      {
        "id": "10075265",
        "name": "Navdih Alp",
        "url": "/c/navdih-alp/a10075265",
        "hidden": false
      }
    ],
    "world_of_needs_code": "1715",
    "world_of_needs_name": "Jajca in osnovna živila (testenine, moka, stročnice itd.)",
    "world_of_needs_parent": "17",
    "is_main_category": true,
    "super_categories": [
      {
        "code": "17",
        "name": "Hrana in bližnja hrana",
        "parent": "0"
      },
      {
        "code": "0",
        "name": "Svetovi potreb",
        "parent": ""
      }
    ],
    "position": 260,
    "tracking_payload": {
      "searchTrackingMasterId": "Product.10082799",
      "searchTrackingTitle": "Preste",
      "searchTrackingPageSize": 100,
      "searchTrackingPage": 3,
      "searchTrackingEvent": "click",
      "list": "search",
      "searchTrackingId": "Product.10082799",
      "searchTrackingOrigPos": 1,
      "searchTrackingPos": 260,
      "searchTrackingOrigPageSize": 100,
      "searchTrackingChannel": "SI",
      "category": "Food"
    }
  },
  {
    "code": "10082801",
    "name": "Bele bavarske klobase",
    "url": "",
    "result_class": "product",
    "type": "product",
    "product_id": 10082801,
    "erp_number": "10082801",
    "item_id": 10082801,
    "full_title": "ALPENFEST Bele bavarske klobase",
    "title": "Bele bavarske klobase",
    "category": "Food",
    "product_type": "RETAIL",
    "age_restriction": false,
    "is_used_product": false,
    "multipack": false,
    "online": false,
    "store": false,
    "quick_add_to_cart": false,
    "flash_sales": false,
    "having_videos": false,
    "having_threesixty": false,
    "price": 2.99,
    "old_price": 0.0,
    "currency_code": "EUR",
    "currency_symbol": "€",
    "has_star": true,
    "has_vat": false,
    "price_theme": "white_red",
    "variants_have_different_prices": false,
    "base_price_text": "1 kg = 8.52",
    "base_price_prefix": false,
    "packaging_text": "351 g",
    "discount_deleted_price": null,
    "discount_text": "ZGRABITE PRILOŽNOST!",
    "discount_percentage": null,
    "discount_has_star": false,
    "show_discount": false,
    "show_percentage": false,
    "from_recommended_price": false,
    "availability_indicator": 0,
    "online_available": false,
    "min_orderable_quantity": 1,
    "orderable_quantities": [],
    "badge_texts": [
      "od 14.07. v trgovini"
    ],
    "badge_types": [
      "IN_STORE_FROM_DATE_FUTURE"
    ],
    "main_image": "https://imgproxy-retcat.assets.schwarz/H5BKtON3_x68nzEqxGzfV1r5TShYrfME2f2zw0EUFeE/sm:1/w:427/h:320/cz/M6Ly9wcm9kLWNhd/GFsb2ctbWVkaWEvc2kvMS81RERGNjI2NjAxMkJENDYzRjIyQzE0Njh/CMjc1MDg5RTI0RjZEODdFNjQzQ0RDMzM3NUIzQUFGQ0RERUY2MTI4LmpwZw.jpg",
    "image_list": [
      "https://imgproxy-retcat.assets.schwarz/H5BKtON3_x68nzEqxGzfV1r5TShYrfME2f2zw0EUFeE/sm:1/w:427/h:320/cz/M6Ly9wcm9kLWNhd/GFsb2ctbWVkaWEvc2kvMS81RERGNjI2NjAxMkJENDYzRjIyQzE0Njh/CMjc1MDg5RTI0RjZEODdFNjQzQ0RDMzM3NUIzQUFGQ0RERUY2MTI4LmpwZw.jpg"
    ],
    "image_accessibility": "Paket Knorrjeve mešanice za bavarske knedle.",
    "detailed_images": [
      {
        "url": "https://imgproxy-retcat.assets.schwarz/H5BKtON3_x68nzEqxGzfV1r5TShYrfME2f2zw0EUFeE/sm:1/w:427/h:320/cz/M6Ly9wcm9kLWNhd/GFsb2ctbWVkaWEvc2kvMS81RERGNjI2NjAxMkJENDYzRjIyQzE0Njh/CMjc1MDg5RTI0RjZEODdFNjQzQ0RDMzM3NUIzQUFGQ0RERUY2MTI4LmpwZw.jpg",
        "accessibility": "Paket Knorrjeve mešanice za bavarske knedle."
      }
    ],
    "analytics_category": "Food",
    "more_details": "Dodatne podrobnosti o izdelku",
    "won_category_primary": "Svetovi potreb/Hrana in bližnja hrana/Klobase in meso",
    "won_category_primary_path": "0/17/1717",
    "canonical_path": "/p/alpenfest-bele-bavarske-klobase/p10082801",
    "canonical_url": "/p/alpenfest-bele-bavarske-klobase/p10082801",
    "awards": [],
    "seals": [
      {
        "altText": "Nalepka: Hlajeno",
        "image": "https://imgproxy-retcat.assets.schwarz/7x3Iby7aD19hFySDnP2YoXt7E1r0JrvJVj0QO1gUOes/sm:1/w:140/cz/M6Ly9wcm9kLWNhd/GFsb2ctbWVkaWEvc2kvMi8xMzFBN0E2RDlCREZGREQxOEE2OTFDNEZ/FNDE5RTM0QUMxQjY4OEQ0OUY2QTAxMTRDRjQ1RjdCNTNDRjM2NUJBLnBuZw.png"
      }
    ],
    "ribbons": [],
    "highlighted_seals": 0,
    "lidl_plus": [],
    "regions": [],
    "ians": [
      "7700386"
    ],
    "show_brand": true,
    "deal_of_day_active": false,
    "full_title_meta": "ALPENFEST Bele bavarske klobase",
    "lists": [
      4991
    ],
    "preview": false,
    "category_breadcrumbs": [
      {
        "id": "10068374",
        "name": "Hrana in pijača",
        "url": "/c/hrana-in-pijaca/s10068374",
        "hidden": false
      },
      {
        "id": "10071016",
        "name": "Meso in mesni izdelki",
        "url": "/h/meso-in-mesni-izdelki/h10071016",
        "hidden": false
      }
    ],
    "campaigns": [
      {
        "id": "Next_Sales_Week",
        "name": "Naslednji teden",
        "url": null,
        "hidden": false
      },
      {
        "id": "10075265",
        "name": "Navdih Alp",
        "url": "/c/navdih-alp/a10075265",
        "hidden": false
      }
    ],
    "world_of_needs_code": "1717",
    "world_of_needs_name": "Klobase in meso",
    "world_of_needs_parent": "17",
    "is_main_category": true,
    "super_categories": [
      {
        "code": "17",
        "name": "Hrana in bližnja hrana",
        "parent": "0"
      },
      {
        "code": "0",
        "name": "Svetovi potreb",
        "parent": ""
      }
    ],
    "position": 261,
    "tracking_payload": {
      "searchTrackingMasterId": "Product.10082801",
      "searchTrackingTitle": "Bele+bavarske+klobase",
      "searchTrackingPageSize": 100,
      "searchTrackingPage": 3,
      "searchTrackingEvent": "click",
      "list": "search",
      "searchTrackingId": "Product.10082801",
      "searchTrackingOrigPos": 1,
      "searchTrackingPos": 261,
      "searchTrackingOrigPageSize": 100,
      "searchTrackingChannel": "SI",
      "category": "Food"
    }
  },
  {
    "code": "10082803",
    "name": "Dvobarvna/tribarvna paprika",
    "url": "",
    "result_class": "product",
    "type": "product",
    "product_id": 10082803,
    "erp_number": "10082803",
    "item_id": 10082803,
    "full_title": "Dvobarvna/tribarvna paprika",
    "title": "Dvobarvna/tribarvna paprika",
    "category": "Food",
    "product_type": "RETAIL",
    "age_restriction": false,
    "is_used_product": false,
    "multipack": false,
    "online": false,
    "store": false,
    "quick_add_to_cart": false,
    "flash_sales": false,
    "having_videos": false,
    "having_threesixty": false,
    "price": null,
    "old_price": null,
    "currency_code": "EUR",
    "currency_symbol": "€",
    "has_star": true,
    "has_vat": false,
    "price_theme": null,
    "variants_have_different_prices": false,
    "base_price_text": null,
    "base_price_prefix": null,
    "packaging_text": null,
    "discount_deleted_price": null,
    "discount_text": null,
    "discount_percentage": null,
    "discount_has_star": null,
    "show_discount": null,
    "show_percentage": null,
    "from_recommended_price": null,
    "availability_indicator": 0,
    "online_available": false,
    "min_orderable_quantity": 1,
    "orderable_quantities": [],
    "badge_texts": [
      "V trgovini od 14.07. do 16.07."
    ],
    "badge_types": [
      "IN_STORE_FROM_FUTURE_DATE_RANGE"
    ],
    "main_image": "https://imgproxy-retcat.assets.schwarz/D23jQMBGmksJuurKL2wt_3u65jhEH0LYMT7BUMwTFoo/sm:1/w:427/h:320/cz/M6Ly9wcm9kLWNhd/GFsb2ctbWVkaWEvc2kvMS85NEUxRjEwNTg4N0JCMUFEMkI3RjQ0RjY/0RUU5REQ5RTE5QTNDODI3NkUwQzcwRkJDRDE3Q0I0QjM1RUM4RDE0LmpwZw.jpg",
    "image_list": [
      "https://imgproxy-retcat.assets.schwarz/D23jQMBGmksJuurKL2wt_3u65jhEH0LYMT7BUMwTFoo/sm:1/w:427/h:320/cz/M6Ly9wcm9kLWNhd/GFsb2ctbWVkaWEvc2kvMS85NEUxRjEwNTg4N0JCMUFEMkI3RjQ0RjY/0RUU5REQ5RTE5QTNDODI3NkUwQzcwRkJDRDE3Q0I0QjM1RUM4RDE0LmpwZw.jpg"
    ],
    "image_accessibility": "Košara s svežimi paprikami različnih barv.",
    "detailed_images": [
      {
        "url": "https://imgproxy-retcat.assets.schwarz/D23jQMBGmksJuurKL2wt_3u65jhEH0LYMT7BUMwTFoo/sm:1/w:427/h:320/cz/M6Ly9wcm9kLWNhd/GFsb2ctbWVkaWEvc2kvMS85NEUxRjEwNTg4N0JCMUFEMkI3RjQ0RjY/0RUU5REQ5RTE5QTNDODI3NkUwQzcwRkJDRDE3Q0I0QjM1RUM4RDE0LmpwZw.jpg",
        "accessibility": "Košara s svežimi paprikami različnih barv."
      }
    ],
    "analytics_category": "Food",
    "more_details": "Dodatne podrobnosti o izdelku",
    "won_category_primary": "Svetovi potreb/Hrana in bližnja hrana/Sadje in zelenjava",
    "won_category_primary_path": "0/17/1710",
    "canonical_path": "/p/dvobarvna-tribarvna-paprika/p10082803",
    "canonical_url": "/p/dvobarvna-tribarvna-paprika/p10082803",
    "awards": [],
    "seals": [
      {
        "altText": "Logotip Lidl Plus",
        "image": "https://imgproxy-retcat.assets.schwarz/DjNLhjIEpHeUFO-WYf3wploAS16YAf6tVgt5EMshyFs/sm:1/w:140/cz/M6Ly9wcm9kLWNhd/GFsb2ctbWVkaWEvc2kvMi9BMEU2QkJCNEZCQTZENzlEQ0MzRDRFOEM/2REREODBCRjMwQUNFQjJBMDBGREI4RjI1M0Y3MDYzOTFFMTg3RUVGLnBuZw.png"
      }
    ],
    "ribbons": [],
    "highlighted_seals": 0,
    "lidl_plus": [
      {
        "price": {
          "basePrice": {
            "prefix": false,
            "text": "1 kg = 2.58"
          },
          "discount": {
            "deletedPrice": 1.99,
            "discountHasStar": false,
            "discountText": "- 35 %",
            "fromRecommendedPrice": false,
            "showDiscount": true,
            "showFrom": false,
            "showPercentage": true,
            "showUpTo": false
          },
          "displayedCurrency": "€",
          "hasStar": true,
          "hasVat": false,
          "oldPrice": 1.99,
          "packaging": {
            "text": "500 g"
          },
          "price": 1.29,
          "priceTheme": "red_yellow",
          "specialTaxes": []
        },
        "lidlPlusText": "z Lidl Plus",
        "highlightText": "- 35 %"
      }
    ],
    "regions": [],
    "ians": [
      "82586"
    ],
    "show_brand": false,
    "deal_of_day_active": false,
    "full_title_meta": "Dvobarvna/tribarvna paprika",
    "lists": [
      4991
    ],
    "preview": false,
    "category_breadcrumbs": [
      {
        "id": "10068374",
        "name": "Hrana in pijača",
        "url": "/c/hrana-in-pijaca/s10068374",
        "hidden": false
      },
      {
        "id": "10071012",
        "name": "Sadje in zelenjava",
        "url": "/h/sadje-in-zelenjava/h10071012",
        "hidden": false
      }
    ],
    "campaigns": [
      {
        "id": "Current_Sales_Week",
        "name": "Ta teden",
        "url": null,
        "hidden": false
      },
      {
        "id": "10024188",
        "name": "Lidl Plus",
        "url": "/c/lidl-plus/a10024188",
        "hidden": false
      }
    ],
    "world_of_needs_code": "1710",
    "world_of_needs_name": "Sadje in zelenjava",
    "world_of_needs_parent": "17",
    "is_main_category": true,
    "super_categories": [
      {
        "code": "17",
        "name": "Hrana in bližnja hrana",
        "parent": "0"
      },
      {
        "code": "0",
        "name": "Svetovi potreb",
        "parent": ""
      }
    ],
    "position": 262,
    "tracking_payload": {
      "searchTrackingMasterId": "Product.10082803",
      "searchTrackingTitle": "Dvobarvna%2Ftribarvna+paprika",
      "searchTrackingPageSize": 100,
      "searchTrackingPage": 3,
      "searchTrackingEvent": "click",
      "list": "search",
      "searchTrackingId": "Product.10082803",
      "searchTrackingOrigPos": 1,
      "searchTrackingPos": 262,
      "searchTrackingOrigPageSize": 100,
      "searchTrackingChannel": "SI",
      "category": "Food"
    }
  },
  {
    "code": "10082805",
    "name": "Družinska pica, 1 kg",
    "url": "",
    "result_class": "product",
    "type": "product",
    "product_id": 10082805,
    "erp_number": "10082805",
    "item_id": 10082805,
    "full_title": "TRATTORIA ALFREDO Družinska pica, 1 kg",
    "title": "Družinska pica, 1 kg",
    "category": "Food",
    "product_type": "RETAIL",
    "age_restriction": false,
    "is_used_product": false,
    "multipack": false,
    "online": false,
    "store": false,
    "quick_add_to_cart": false,
    "flash_sales": false,
    "having_videos": false,
    "having_threesixty": false,
    "price": null,
    "old_price": null,
    "currency_code": "EUR",
    "currency_symbol": "€",
    "has_star": true,
    "has_vat": false,
    "price_theme": null,
    "variants_have_different_prices": false,
    "base_price_text": null,
    "base_price_prefix": null,
    "packaging_text": null,
    "discount_deleted_price": null,
    "discount_text": null,
    "discount_percentage": null,
    "discount_has_star": null,
    "show_discount": null,
    "show_percentage": null,
    "from_recommended_price": null,
    "availability_indicator": 0,
    "online_available": false,
    "min_orderable_quantity": 1,
    "orderable_quantities": [],
    "badge_texts": [
      "V trgovini od 11.07. do 12.07."
    ],
    "badge_types": [
      "IN_STORE_FROM_FUTURE_DATE_RANGE"
    ],
    "main_image": "https://imgproxy-retcat.assets.schwarz/_xNZodSH8Wz3oxVP4_QMuFP4YZcwPOq5LE4CTBqurkQ/sm:1/w:427/h:320/cz/M6Ly9wcm9kLWNhd/GFsb2ctbWVkaWEvc2kvMS9GOEQ3NTUzM0FBOTcwRjM5QzBBNDkwQkM/2MEJDREVDMDE5RjI1MzA0NjExODhFRUFGOTFGQ0M5Mjc5MDg4QjNBLmpwZw.jpg",
    "image_list": [
      "https://imgproxy-retcat.assets.schwarz/_xNZodSH8Wz3oxVP4_QMuFP4YZcwPOq5LE4CTBqurkQ/sm:1/w:427/h:320/cz/M6Ly9wcm9kLWNhd/GFsb2ctbWVkaWEvc2kvMS9GOEQ3NTUzM0FBOTcwRjM5QzBBNDkwQkM/2MEJDREVDMDE5RjI1MzA0NjExODhFRUFGOTFGQ0M5Mjc5MDg4QjNBLmpwZw.jpg"
    ],
    "image_accessibility": "Pakiranje zamrznjenega testa za pico Family Pizza.",
    "detailed_images": [
      {
        "url": "https://imgproxy-retcat.assets.schwarz/_xNZodSH8Wz3oxVP4_QMuFP4YZcwPOq5LE4CTBqurkQ/sm:1/w:427/h:320/cz/M6Ly9wcm9kLWNhd/GFsb2ctbWVkaWEvc2kvMS9GOEQ3NTUzM0FBOTcwRjM5QzBBNDkwQkM/2MEJDREVDMDE5RjI1MzA0NjExODhFRUFGOTFGQ0M5Mjc5MDg4QjNBLmpwZw.jpg",
        "accessibility": "Pakiranje zamrznjenega testa za pico Family Pizza."
      }
    ],
    "analytics_category": "Food",
    "more_details": "Dodatne podrobnosti o izdelku",
    "won_category_primary": "Svetovi potreb/Hrana in bližnja hrana/Zamrznjena hrana (Zamrznjena hrana)",
    "won_category_primary_path": "0/17/1716",
    "canonical_path": "/p/trattoria-alfredo-druzinska-pica-1-kg/p10082805",
    "canonical_url": "/p/trattoria-alfredo-druzinska-pica-1-kg/p10082805",
    "awards": [],
    "seals": [
      {
        "altText": "Logotip Lidl Plus",
        "image": "https://imgproxy-retcat.assets.schwarz/DjNLhjIEpHeUFO-WYf3wploAS16YAf6tVgt5EMshyFs/sm:1/w:140/cz/M6Ly9wcm9kLWNhd/GFsb2ctbWVkaWEvc2kvMi9BMEU2QkJCNEZCQTZENzlEQ0MzRDRFOEM/2REREODBCRjMwQUNFQjJBMDBGREI4RjI1M0Y3MDYzOTFFMTg3RUVGLnBuZw.png"
      },
      {
        "altText": "Znak: Zamrznjeno",
        "image": "https://imgproxy-retcat.assets.schwarz/ayWyw20LfIYJzOhoc4KvR8G0z3S3CSGFD0vHUIK3dgY/sm:1/w:140/cz/M6Ly9wcm9kLWNhd/GFsb2ctbWVkaWEvc2kvMi81NkZCNjYzMzA5NkRFMERFNzUzNEI1ODY/xRDQ4Q0MxRTkxQkUzNUMxOTBGNTAyMURGMjJGODEyQzk0ODhCNTYwLnBuZw.png"
      }
    ],
    "ribbons": [],
    "highlighted_seals": 0,
    "lidl_plus": [
      {
        "price": {
          "discount": {
            "deletedPrice": 3.79,
            "discountHasStar": false,
            "discountText": "- 47 %",
            "fromRecommendedPrice": false,
            "showDiscount": true,
            "showFrom": false,
            "showPercentage": true,
            "showUpTo": false
          },
          "displayedCurrency": "€",
          "hasStar": true,
          "hasVat": false,
          "oldPrice": 3.79,
          "packaging": {
            "text": "1 kg"
          },
          "price": 1.99,
          "priceTheme": "red_yellow",
          "specialTaxes": []
        },
        "lidlPlusText": "z Lidl Plus",
        "highlightText": "- 47 %"
      }
    ],
    "regions": [],
    "ians": [
      "5547113"
    ],
    "show_brand": true,
    "deal_of_day_active": false,
    "full_title_meta": "TRATTORIA ALFREDO Družinska pica, 1 kg",
    "lists": [
      4991
    ],
    "preview": false,
    "category_breadcrumbs": [
      {
        "id": "10068374",
        "name": "Hrana in pijača",
        "url": "/c/hrana-in-pijaca/s10068374",
        "hidden": false
      },
      {
        "id": "10071049",
        "name": "Zamrznjena hrana",
        "url": "/h/zamrznjena-hrana/h10071049",
        "hidden": false
      }
    ],
    "campaigns": [
      {
        "id": "Current_Sales_Week",
        "name": "Ta teden",
        "url": null,
        "hidden": false
      },
      {
        "id": "10024188",
        "name": "Lidl Plus",
        "url": "/c/lidl-plus/a10024188",
        "hidden": false
      }
    ],
    "world_of_needs_code": "1716",
    "world_of_needs_name": "Zamrznjena hrana (Zamrznjena hrana)",
    "world_of_needs_parent": "17",
    "is_main_category": true,
    "super_categories": [
      {
        "code": "17",
        "name": "Hrana in bližnja hrana",
        "parent": "0"
      },
      {
        "code": "0",
        "name": "Svetovi potreb",
        "parent": ""
      }
    ],
    "position": 263,
    "tracking_payload": {
      "searchTrackingMasterId": "Product.10082805",
      "searchTrackingTitle": "Dru%C5%BEinska+pica%2C+1+kg",
      "searchTrackingPageSize": 100,
      "searchTrackingPage": 3,
      "searchTrackingEvent": "click",
      "list": "search",
      "searchTrackingId": "Product.10082805",
      "searchTrackingOrigPos": 1,
      "searchTrackingPos": 263,
      "searchTrackingOrigPageSize": 100,
      "searchTrackingChannel": "SI",
      "category": "Food"
    }
  },
  {
    "code": "10082807",
    "name": "Družinska pica, 1 kg",
    "url": "",
    "result_class": "product",
    "type": "product",
    "product_id": 10082807,
    "erp_number": "10082807",
    "item_id": 10082807,
    "full_title": "TRATTORIA ALFREDO Družinska pica, 1 kg",
    "title": "Družinska pica, 1 kg",
    "category": "Food",
    "product_type": "RETAIL",
    "age_restriction": false,
    "is_used_product": false,
    "multipack": false,
    "online": false,
    "store": false,
    "quick_add_to_cart": false,
    "flash_sales": false,
    "having_videos": false,
    "having_threesixty": false,
    "price": null,
    "old_price": null,
    "currency_code": "EUR",
    "currency_symbol": "€",
    "has_star": true,
    "has_vat": false,
    "price_theme": null,
    "variants_have_different_prices": false,
    "base_price_text": null,
    "base_price_prefix": null,
    "packaging_text": null,
    "discount_deleted_price": null,
    "discount_text": null,
    "discount_percentage": null,
    "discount_has_star": null,
    "show_discount": null,
    "show_percentage": null,
    "from_recommended_price": null,
    "availability_indicator": 0,
    "online_available": false,
    "min_orderable_quantity": 1,
    "orderable_quantities": [],
    "badge_texts": [
      "V trgovini od 11.07. do 12.07."
    ],
    "badge_types": [
      "IN_STORE_FROM_FUTURE_DATE_RANGE"
    ],
    "main_image": "https://imgproxy-retcat.assets.schwarz/FWv8CqVBm4-mDjNVrurcb9YiIklSvecuspHdtfUQYaw/sm:1/w:427/h:320/cz/M6Ly9wcm9kLWNhd/GFsb2ctbWVkaWEvc2kvMS8xNUFENEQ4MjhENEI4MzZDQTAwMzY4RkJ/FNjA0MTk2MzA1N0JDNkNDQjlCRUQwNDg2NkFGQ0FBNDBGQjlFRTlCLmpwZw.jpg",
    "image_list": [
      "https://imgproxy-retcat.assets.schwarz/FWv8CqVBm4-mDjNVrurcb9YiIklSvecuspHdtfUQYaw/sm:1/w:427/h:320/cz/M6Ly9wcm9kLWNhd/GFsb2ctbWVkaWEvc2kvMS8xNUFENEQ4MjhENEI4MzZDQTAwMzY4RkJ/FNjA0MTk2MzA1N0JDNkNDQjlCRUQwNDg2NkFGQ0FBNDBGQjlFRTlCLmpwZw.jpg"
    ],
    "image_accessibility": "Zamrznjena pizza v plastični embalaži.",
    "detailed_images": [
      {
        "url": "https://imgproxy-retcat.assets.schwarz/FWv8CqVBm4-mDjNVrurcb9YiIklSvecuspHdtfUQYaw/sm:1/w:427/h:320/cz/M6Ly9wcm9kLWNhd/GFsb2ctbWVkaWEvc2kvMS8xNUFENEQ4MjhENEI4MzZDQTAwMzY4RkJ/FNjA0MTk2MzA1N0JDNkNDQjlCRUQwNDg2NkFGQ0FBNDBGQjlFRTlCLmpwZw.jpg",
        "accessibility": "Zamrznjena pizza v plastični embalaži."
      }
    ],
    "analytics_category": "Food",
    "more_details": "Dodatne podrobnosti o izdelku",
    "won_category_primary": "Svetovi potreb/Hrana in bližnja hrana/Zamrznjena hrana (Zamrznjena hrana)",
    "won_category_primary_path": "0/17/1716",
    "canonical_path": "/p/trattoria-alfredo-druzinska-pica-1-kg/p10082807",
    "canonical_url": "/p/trattoria-alfredo-druzinska-pica-1-kg/p10082807",
    "awards": [],
    "seals": [
      {
        "altText": "Logotip Lidl Plus",
        "image": "https://imgproxy-retcat.assets.schwarz/DjNLhjIEpHeUFO-WYf3wploAS16YAf6tVgt5EMshyFs/sm:1/w:140/cz/M6Ly9wcm9kLWNhd/GFsb2ctbWVkaWEvc2kvMi9BMEU2QkJCNEZCQTZENzlEQ0MzRDRFOEM/2REREODBCRjMwQUNFQjJBMDBGREI4RjI1M0Y3MDYzOTFFMTg3RUVGLnBuZw.png"
      },
      {
        "altText": "Znak: Zamrznjeno",
        "image": "https://imgproxy-retcat.assets.schwarz/ayWyw20LfIYJzOhoc4KvR8G0z3S3CSGFD0vHUIK3dgY/sm:1/w:140/cz/M6Ly9wcm9kLWNhd/GFsb2ctbWVkaWEvc2kvMi81NkZCNjYzMzA5NkRFMERFNzUzNEI1ODY/xRDQ4Q0MxRTkxQkUzNUMxOTBGNTAyMURGMjJGODEyQzk0ODhCNTYwLnBuZw.png"
      }
    ],
    "ribbons": [],
    "highlighted_seals": 0,
    "lidl_plus": [
      {
        "price": {
          "discount": {
            "deletedPrice": 3.29,
            "discountHasStar": false,
            "discountText": "- 39 %",
            "fromRecommendedPrice": false,
            "showDiscount": true,
            "showFrom": false,
            "showPercentage": true,
            "showUpTo": false
          },
          "displayedCurrency": "€",
          "hasStar": true,
          "hasVat": false,
          "oldPrice": 3.29,
          "packaging": {
            "text": "1 kg"
          },
          "price": 1.99,
          "priceTheme": "red_yellow",
          "specialTaxes": []
        },
        "lidlPlusText": "z Lidl Plus",
        "highlightText": "- 39 %"
      }
    ],
    "regions": [],
    "ians": [
      "5563912"
    ],
    "show_brand": true,
    "deal_of_day_active": false,
    "full_title_meta": "TRATTORIA ALFREDO Družinska pica, 1 kg",
    "lists": [
      4991
    ],
    "preview": false,
    "category_breadcrumbs": [
      {
        "id": "10068374",
        "name": "Hrana in pijača",
        "url": "/c/hrana-in-pijaca/s10068374",
        "hidden": false
      },
      {
        "id": "10071049",
        "name": "Zamrznjena hrana",
        "url": "/h/zamrznjena-hrana/h10071049",
        "hidden": false
      }
    ],
    "campaigns": [
      {
        "id": "Current_Sales_Week",
        "name": "Ta teden",
        "url": null,
        "hidden": false
      },
      {
        "id": "10024188",
        "name": "Lidl Plus",
        "url": "/c/lidl-plus/a10024188",
        "hidden": false
      }
    ],
    "world_of_needs_code": "1716",
    "world_of_needs_name": "Zamrznjena hrana (Zamrznjena hrana)",
    "world_of_needs_parent": "17",
    "is_main_category": true,
    "super_categories": [
      {
        "code": "17",
        "name": "Hrana in bližnja hrana",
        "parent": "0"
      },
      {
        "code": "0",
        "name": "Svetovi potreb",
        "parent": ""
      }
    ],
    "position": 264,
    "tracking_payload": {
      "searchTrackingMasterId": "Product.10082807",
      "searchTrackingTitle": "Dru%C5%BEinska+pica%2C+1+kg",
      "searchTrackingPageSize": 100,
      "searchTrackingPage": 3,
      "searchTrackingEvent": "click",
      "list": "search",
      "searchTrackingId": "Product.10082807",
      "searchTrackingOrigPos": 1,
      "searchTrackingPos": 264,
      "searchTrackingOrigPageSize": 100,
      "searchTrackingChannel": "SI",
      "category": "Food"
    }
  },
  {
    "code": "10082809",
    "name": "Sadni jogurti",
    "url": "",
    "result_class": "product",
    "type": "product",
    "product_id": 10082809,
    "erp_number": "10082809",
    "item_id": 10082809,
    "full_title": "MILBONA Sadni jogurti",
    "title": "Sadni jogurti",
    "category": "Food",
    "product_type": "RETAIL",
    "age_restriction": false,
    "is_used_product": false,
    "multipack": false,
    "online": false,
    "store": false,
    "quick_add_to_cart": false,
    "flash_sales": false,
    "having_videos": false,
    "having_threesixty": false,
    "price": null,
    "old_price": null,
    "currency_code": "EUR",
    "currency_symbol": "€",
    "has_star": true,
    "has_vat": false,
    "price_theme": null,
    "variants_have_different_prices": false,
    "base_price_text": null,
    "base_price_prefix": null,
    "packaging_text": null,
    "discount_deleted_price": null,
    "discount_text": null,
    "discount_percentage": null,
    "discount_has_star": null,
    "show_discount": null,
    "show_percentage": null,
    "from_recommended_price": null,
    "availability_indicator": 0,
    "online_available": false,
    "min_orderable_quantity": 1,
    "orderable_quantities": [],
    "badge_texts": [
      "V trgovini od 11.07. do 12.07."
    ],
    "badge_types": [
      "IN_STORE_FROM_FUTURE_DATE_RANGE"
    ],
    "main_image": "https://imgproxy-retcat.assets.schwarz/9BIyZ9Zv_cCzJs2TFoqaKW-Gjbs1hWFoveT_FbfEg6c/sm:1/w:427/h:320/cz/M6Ly9wcm9kLWNhd/GFsb2ctbWVkaWEvc2kvMS9DOEY3NTMzMkQ0QkMzQUU5RDk3NzdCRUN/GODNGMDhBRTUzNDAyODA1ODc4RkEzQjIwRTJCNUU5OTYxNTc3ODJBLmpwZw.jpg",
    "image_list": [
      "https://imgproxy-retcat.assets.schwarz/9BIyZ9Zv_cCzJs2TFoqaKW-Gjbs1hWFoveT_FbfEg6c/sm:1/w:427/h:320/cz/M6Ly9wcm9kLWNhd/GFsb2ctbWVkaWEvc2kvMS9DOEY3NTMzMkQ0QkMzQUU5RDk3NzdCRUN/GODNGMDhBRTUzNDAyODA1ODc4RkEzQjIwRTJCNUU5OTYxNTc3ODJBLmpwZw.jpg"
    ],
    "image_accessibility": "Štiri lončke sadnega jogurta z jagodami, breskvami in bananami.",
    "detailed_images": [
      {
        "url": "https://imgproxy-retcat.assets.schwarz/9BIyZ9Zv_cCzJs2TFoqaKW-Gjbs1hWFoveT_FbfEg6c/sm:1/w:427/h:320/cz/M6Ly9wcm9kLWNhd/GFsb2ctbWVkaWEvc2kvMS9DOEY3NTMzMkQ0QkMzQUU5RDk3NzdCRUN/GODNGMDhBRTUzNDAyODA1ODc4RkEzQjIwRTJCNUU5OTYxNTc3ODJBLmpwZw.jpg",
        "accessibility": "Štiri lončke sadnega jogurta z jagodami, breskvami in bananami."
      }
    ],
    "analytics_category": "Food",
    "more_details": "Dodatne podrobnosti o izdelku",
    "won_category_primary": "Svetovi potreb/Hrana in bližnja hrana/Sir in mlečni izdelki (vključno z maslom in sirom)",
    "won_category_primary_path": "0/17/1718",
    "canonical_path": "/p/milbona-sadni-jogurti/p10082809",
    "canonical_url": "/p/milbona-sadni-jogurti/p10082809",
    "awards": [],
    "seals": [
      {
        "altText": "Logotip Lidl Plus",
        "image": "https://imgproxy-retcat.assets.schwarz/DjNLhjIEpHeUFO-WYf3wploAS16YAf6tVgt5EMshyFs/sm:1/w:140/cz/M6Ly9wcm9kLWNhd/GFsb2ctbWVkaWEvc2kvMi9BMEU2QkJCNEZCQTZENzlEQ0MzRDRFOEM/2REREODBCRjMwQUNFQjJBMDBGREI4RjI1M0Y3MDYzOTFFMTg3RUVGLnBuZw.png"
      },
      {
        "altText": "Nalepka: Hlajeno",
        "image": "https://imgproxy-retcat.assets.schwarz/7x3Iby7aD19hFySDnP2YoXt7E1r0JrvJVj0QO1gUOes/sm:1/w:140/cz/M6Ly9wcm9kLWNhd/GFsb2ctbWVkaWEvc2kvMi8xMzFBN0E2RDlCREZGREQxOEE2OTFDNEZ/FNDE5RTM0QUMxQjY4OEQ0OUY2QTAxMTRDRjQ1RjdCNTNDRjM2NUJBLnBuZw.png"
      }
    ],
    "ribbons": [],
    "highlighted_seals": 0,
    "lidl_plus": [
      {
        "price": {
          "discount": {
            "deletedPrice": 2.69,
            "discountHasStar": false,
            "discountText": "- 33 %",
            "fromRecommendedPrice": false,
            "showDiscount": true,
            "showFrom": false,
            "showPercentage": true,
            "showUpTo": false
          },
          "displayedCurrency": "€",
          "hasStar": true,
          "hasVat": false,
          "oldPrice": 2.69,
          "packaging": {
            "text": "8 x 125 g"
          },
          "price": 1.79,
          "priceTheme": "red_yellow",
          "specialTaxes": []
        },
        "lidlPlusText": "z Lidl Plus",
        "highlightText": "- 33 %"
      }
    ],
    "regions": [],
    "ians": [
      "28783"
    ],
    "show_brand": true,
    "deal_of_day_active": false,
    "full_title_meta": "MILBONA Sadni jogurti",
    "lists": [
      4991
    ],
    "preview": false,
    "category_breadcrumbs": [
      {
        "id": "10068374",
        "name": "Hrana in pijača",
        "url": "/c/hrana-in-pijaca/s10068374",
        "hidden": false
      },
      {
        "id": "10071017",
        "name": " Sir &  Mlečni izdelki",
        "url": "/h/sir-mlecni-izdelki/h10071017",
        "hidden": false
      }
    ],
    "campaigns": [
      {
        "id": "Current_Sales_Week",
        "name": "Ta teden",
        "url": null,
        "hidden": false
      },
      {
        "id": "10024188",
        "name": "Lidl Plus",
        "url": "/c/lidl-plus/a10024188",
        "hidden": false
      }
    ],
    "world_of_needs_code": "1718",
    "world_of_needs_name": "Sir in mlečni izdelki (vključno z maslom in sirom)",
    "world_of_needs_parent": "17",
    "is_main_category": true,
    "super_categories": [
      {
        "code": "17",
        "name": "Hrana in bližnja hrana",
        "parent": "0"
      },
      {
        "code": "0",
        "name": "Svetovi potreb",
        "parent": ""
      }
    ],
    "position": 265,
    "tracking_payload": {
      "searchTrackingMasterId": "Product.10082809",
      "searchTrackingTitle": "Sadni+jogurti",
      "searchTrackingPageSize": 100,
      "searchTrackingPage": 3,
      "searchTrackingEvent": "click",
      "list": "search",
      "searchTrackingId": "Product.10082809",
      "searchTrackingOrigPos": 1,
      "searchTrackingPos": 265,
      "searchTrackingOrigPageSize": 100,
      "searchTrackingChannel": "SI",
      "category": "Food"
    }
  },
  {
    "code": "10082813",
    "name": "Arašidi v lupini",
    "url": "",
    "result_class": "product",
    "type": "product",
    "product_id": 10082813,
    "erp_number": "10082813",
    "item_id": 10082813,
    "full_title": "ALESTO Arašidi v lupini",
    "title": "Arašidi v lupini",
    "category": "Food",
    "product_type": "RETAIL",
    "age_restriction": false,
    "is_used_product": false,
    "multipack": false,
    "online": false,
    "store": false,
    "quick_add_to_cart": false,
    "flash_sales": false,
    "having_videos": false,
    "having_threesixty": false,
    "price": null,
    "old_price": null,
    "currency_code": "EUR",
    "currency_symbol": "€",
    "has_star": true,
    "has_vat": false,
    "price_theme": null,
    "variants_have_different_prices": false,
    "base_price_text": null,
    "base_price_prefix": null,
    "packaging_text": null,
    "discount_deleted_price": null,
    "discount_text": null,
    "discount_percentage": null,
    "discount_has_star": null,
    "show_discount": null,
    "show_percentage": null,
    "from_recommended_price": null,
    "availability_indicator": 0,
    "online_available": false,
    "min_orderable_quantity": 1,
    "orderable_quantities": [],
    "badge_texts": [
      "V trgovini od 11.07. do 12.07."
    ],
    "badge_types": [
      "IN_STORE_FROM_FUTURE_DATE_RANGE"
    ],
    "main_image": "https://imgproxy-retcat.assets.schwarz/Jh4h8r-v2c9GFf7JLNHOn1IKHc6F5TMV4VnyYhgXa28/sm:1/w:427/h:320/cz/M6Ly9wcm9kLWNhd/GFsb2ctbWVkaWEvc2kvMS8zRUZFOUJBRDhBNzE5RjA5OTExMTQzNTY/zNDhEMzEyQzJDN0RBQ0RDMjgwNDk2MTVBRTlBN0RGNkZFOUFFMzBBLmpwZw.jpg",
    "image_list": [
      "https://imgproxy-retcat.assets.schwarz/Jh4h8r-v2c9GFf7JLNHOn1IKHc6F5TMV4VnyYhgXa28/sm:1/w:427/h:320/cz/M6Ly9wcm9kLWNhd/GFsb2ctbWVkaWEvc2kvMS8zRUZFOUJBRDhBNzE5RjA5OTExMTQzNTY/zNDhEMzEyQzJDN0RBQ0RDMjgwNDk2MTVBRTlBN0RGNkZFOUFFMzBBLmpwZw.jpg"
    ],
    "image_accessibility": "Vrečka praženih arašidov.",
    "detailed_images": [
      {
        "url": "https://imgproxy-retcat.assets.schwarz/Jh4h8r-v2c9GFf7JLNHOn1IKHc6F5TMV4VnyYhgXa28/sm:1/w:427/h:320/cz/M6Ly9wcm9kLWNhd/GFsb2ctbWVkaWEvc2kvMS8zRUZFOUJBRDhBNzE5RjA5OTExMTQzNTY/zNDhEMzEyQzJDN0RBQ0RDMjgwNDk2MTVBRTlBN0RGNkZFOUFFMzBBLmpwZw.jpg",
        "accessibility": "Vrečka praženih arašidov."
      }
    ],
    "analytics_category": "Food",
    "more_details": "Dodatne podrobnosti o izdelku",
    "won_category_primary": "Svetovi potreb/Hrana in bližnja hrana/Prigrizki in slaščice",
    "won_category_primary_path": "0/17/1721",
    "canonical_path": "/p/alesto-arasidi-v-lupini/p10082813",
    "canonical_url": "/p/alesto-arasidi-v-lupini/p10082813",
    "awards": [],
    "seals": [
      {
        "altText": "Logotip Lidl Plus",
        "image": "https://imgproxy-retcat.assets.schwarz/DjNLhjIEpHeUFO-WYf3wploAS16YAf6tVgt5EMshyFs/sm:1/w:140/cz/M6Ly9wcm9kLWNhd/GFsb2ctbWVkaWEvc2kvMi9BMEU2QkJCNEZCQTZENzlEQ0MzRDRFOEM/2REREODBCRjMwQUNFQjJBMDBGREI4RjI1M0Y3MDYzOTFFMTg3RUVGLnBuZw.png"
      }
    ],
    "ribbons": [],
    "highlighted_seals": 0,
    "lidl_plus": [
      {
        "price": {
          "basePrice": {
            "prefix": false,
            "text": "1 kg = 3.18"
          },
          "discount": {
            "deletedPrice": 2.35,
            "discountHasStar": false,
            "discountText": "- 32 %",
            "fromRecommendedPrice": false,
            "showDiscount": true,
            "showFrom": false,
            "showPercentage": true,
            "showUpTo": false
          },
          "displayedCurrency": "€",
          "hasStar": true,
          "hasVat": false,
          "oldPrice": 2.35,
          "packaging": {
            "text": "500 g"
          },
          "price": 1.59,
          "priceTheme": "red_yellow",
          "specialTaxes": []
        },
        "lidlPlusText": "z Lidl Plus",
        "highlightText": "- 32 %"
      }
    ],
    "regions": [],
    "ians": [
      "7509703"
    ],
    "show_brand": true,
    "deal_of_day_active": false,
    "full_title_meta": "ALESTO Arašidi v lupini",
    "lists": [
      4991
    ],
    "preview": false,
    "category_breadcrumbs": [
      {
        "id": "10068374",
        "name": "Hrana in pijača",
        "url": "/c/hrana-in-pijaca/s10068374",
        "hidden": false
      },
      {
        "id": "10071044",
        "name": "Prigrizki in sladkarije",
        "url": "/h/prigrizki-in-sladkarije/h10071044",
        "hidden": false
      }
    ],
    "campaigns": [
      {
        "id": "Current_Sales_Week",
        "name": "Ta teden",
        "url": null,
        "hidden": false
      },
      {
        "id": "10024188",
        "name": "Lidl Plus",
        "url": "/c/lidl-plus/a10024188",
        "hidden": false
      }
    ],
    "world_of_needs_code": "1721",
    "world_of_needs_name": "Prigrizki in slaščice",
    "world_of_needs_parent": "17",
    "is_main_category": true,
    "super_categories": [
      {
        "code": "17",
        "name": "Hrana in bližnja hrana",
        "parent": "0"
      },
      {
        "code": "0",
        "name": "Svetovi potreb",
        "parent": ""
      }
    ],
    "position": 266,
    "tracking_payload": {
      "searchTrackingMasterId": "Product.10082813",
      "searchTrackingTitle": "Ara%C5%A1idi+v+lupini",
      "searchTrackingPageSize": 100,
      "searchTrackingPage": 3,
      "searchTrackingEvent": "click",
      "list": "search",
      "searchTrackingId": "Product.10082813",
      "searchTrackingOrigPos": 1,
      "searchTrackingPos": 266,
      "searchTrackingOrigPageSize": 100,
      "searchTrackingChannel": "SI",
      "category": "Food"
    }
  },
  {
    "code": "10082819",
    "name": "Ustna voda",
    "url": "",
    "result_class": "product",
    "type": "product",
    "product_id": 10082819,
    "erp_number": "10082819",
    "item_id": 10082819,
    "full_title": "LISTERINE Ustna voda",
    "title": "Ustna voda",
    "category": "Food",
    "product_type": "RETAIL",
    "age_restriction": false,
    "is_used_product": false,
    "multipack": false,
    "online": false,
    "store": false,
    "quick_add_to_cart": false,
    "flash_sales": false,
    "having_videos": false,
    "having_threesixty": false,
    "price": null,
    "old_price": null,
    "currency_code": "EUR",
    "currency_symbol": "€",
    "has_star": true,
    "has_vat": false,
    "price_theme": null,
    "variants_have_different_prices": false,
    "base_price_text": null,
    "base_price_prefix": null,
    "packaging_text": null,
    "discount_deleted_price": null,
    "discount_text": null,
    "discount_percentage": null,
    "discount_has_star": null,
    "show_discount": null,
    "show_percentage": null,
    "from_recommended_price": null,
    "availability_indicator": 0,
    "online_available": false,
    "min_orderable_quantity": 1,
    "orderable_quantities": [],
    "badge_texts": [
      "V trgovini od 11.07. do 12.07."
    ],
    "badge_types": [
      "IN_STORE_FROM_FUTURE_DATE_RANGE"
    ],
    "main_image": "https://imgproxy-retcat.assets.schwarz/t4Y6njumTvrMN1XMzo_dP3x9tLWPQYNfE_bWqnFO3VI/sm:1/w:427/h:320/cz/M6Ly9wcm9kLWNhd/GFsb2ctbWVkaWEvc2kvMS9FMEM3OUREOTQ2OTg4NURFRUQxQTFDN0V/BRjBENEE1MUIzREU3NjY4RDI3RTY5NEM2OUNBMzlCNDBDODhGNTJELmpwZw.jpg",
    "image_list": [
      "https://imgproxy-retcat.assets.schwarz/t4Y6njumTvrMN1XMzo_dP3x9tLWPQYNfE_bWqnFO3VI/sm:1/w:427/h:320/cz/M6Ly9wcm9kLWNhd/GFsb2ctbWVkaWEvc2kvMS9FMEM3OUREOTQ2OTg4NURFRUQxQTFDN0V/BRjBENEE1MUIzREU3NjY4RDI3RTY5NEM2OUNBMzlCNDBDODhGNTJELmpwZw.jpg"
    ],
    "image_accessibility": "Izdelek Listerine Cool Mint ustna voda.",
    "detailed_images": [
      {
        "url": "https://imgproxy-retcat.assets.schwarz/t4Y6njumTvrMN1XMzo_dP3x9tLWPQYNfE_bWqnFO3VI/sm:1/w:427/h:320/cz/M6Ly9wcm9kLWNhd/GFsb2ctbWVkaWEvc2kvMS9FMEM3OUREOTQ2OTg4NURFRUQxQTFDN0V/BRjBENEE1MUIzREU3NjY4RDI3RTY5NEM2OUNBMzlCNDBDODhGNTJELmpwZw.jpg",
        "accessibility": "Izdelek Listerine Cool Mint ustna voda."
      }
    ],
    "analytics_category": "Food",
    "more_details": "Dodatne podrobnosti o izdelku",
    "won_category_primary": "Svetovi potreb/Hrana in bližnja hrana/Drogerija - higiena, otroška hrana, kozmetika, čistila",
    "won_category_primary_path": "0/17/1723",
    "canonical_path": "/p/listerine-ustna-voda/p10082819",
    "canonical_url": "/p/listerine-ustna-voda/p10082819",
    "awards": [],
    "seals": [
      {
        "altText": "Logotip Lidl Plus",
        "image": "https://imgproxy-retcat.assets.schwarz/DjNLhjIEpHeUFO-WYf3wploAS16YAf6tVgt5EMshyFs/sm:1/w:140/cz/M6Ly9wcm9kLWNhd/GFsb2ctbWVkaWEvc2kvMi9BMEU2QkJCNEZCQTZENzlEQ0MzRDRFOEM/2REREODBCRjMwQUNFQjJBMDBGREI4RjI1M0Y3MDYzOTFFMTg3RUVGLnBuZw.png"
      }
    ],
    "ribbons": [],
    "highlighted_seals": 0,
    "lidl_plus": [
      {
        "price": {
          "basePrice": {
            "prefix": false,
            "text": "1 l = 7.99"
          },
          "discount": {
            "deletedPrice": 8.99,
            "discountHasStar": false,
            "discountText": "- 33 %",
            "fromRecommendedPrice": false,
            "showDiscount": true,
            "showFrom": false,
            "showPercentage": true,
            "showUpTo": false
          },
          "displayedCurrency": "€",
          "hasStar": true,
          "hasVat": false,
          "oldPrice": 8.99,
          "packaging": {
            "text": "750 ml"
          },
          "price": 5.99,
          "priceTheme": "red_yellow",
          "specialTaxes": []
        },
        "lidlPlusText": "z Lidl Plus",
        "highlightText": "- 33 %"
      }
    ],
    "regions": [],
    "ians": [
      "9069"
    ],
    "show_brand": true,
    "deal_of_day_active": false,
    "full_title_meta": "LISTERINE Ustna voda",
    "lists": [
      4991
    ],
    "preview": false,
    "category_breadcrumbs": [
      {
        "id": "10068374",
        "name": "Hrana in pijača",
        "url": "/c/hrana-in-pijaca/s10068374",
        "hidden": false
      },
      {
        "id": "10071019",
        "name": "Osebna nega",
        "url": "/h/osebna-nega/h10071019",
        "hidden": false
      }
    ],
    "campaigns": [
      {
        "id": "Current_Sales_Week",
        "name": "Ta teden",
        "url": null,
        "hidden": false
      },
      {
        "id": "10024188",
        "name": "Lidl Plus",
        "url": "/c/lidl-plus/a10024188",
        "hidden": false
      }
    ],
    "world_of_needs_code": "1723",
    "world_of_needs_name": "Drogerija - higiena, otroška hrana, kozmetika, čistila",
    "world_of_needs_parent": "17",
    "is_main_category": true,
    "super_categories": [
      {
        "code": "17",
        "name": "Hrana in bližnja hrana",
        "parent": "0"
      },
      {
        "code": "0",
        "name": "Svetovi potreb",
        "parent": ""
      }
    ],
    "position": 267,
    "tracking_payload": {
      "searchTrackingMasterId": "Product.10082819",
      "searchTrackingTitle": "Ustna+voda",
      "searchTrackingPageSize": 100,
      "searchTrackingPage": 3,
      "searchTrackingEvent": "click",
      "list": "search",
      "searchTrackingId": "Product.10082819",
      "searchTrackingOrigPos": 1,
      "searchTrackingPos": 267,
      "searchTrackingOrigPageSize": 100,
      "searchTrackingChannel": "SI",
      "category": "Food"
    }
  },
  {
    "code": "10082840",
    "name": "Sir Edamec",
    "url": "",
    "result_class": "product",
    "type": "product",
    "product_id": 10082840,
    "erp_number": "10082840",
    "item_id": 10082840,
    "full_title": "MILBONA Sir Edamec",
    "title": "Sir Edamec",
    "category": "Food",
    "product_type": "RETAIL",
    "age_restriction": false,
    "is_used_product": false,
    "multipack": false,
    "online": false,
    "store": false,
    "quick_add_to_cart": false,
    "flash_sales": false,
    "having_videos": false,
    "having_threesixty": false,
    "price": null,
    "old_price": null,
    "currency_code": "EUR",
    "currency_symbol": "€",
    "has_star": true,
    "has_vat": false,
    "price_theme": null,
    "variants_have_different_prices": false,
    "base_price_text": null,
    "base_price_prefix": null,
    "packaging_text": null,
    "discount_deleted_price": null,
    "discount_text": null,
    "discount_percentage": null,
    "discount_has_star": null,
    "show_discount": null,
    "show_percentage": null,
    "from_recommended_price": null,
    "availability_indicator": 0,
    "online_available": false,
    "min_orderable_quantity": 1,
    "orderable_quantities": [],
    "badge_texts": [
      "V trgovini od 14.07. do 16.07."
    ],
    "badge_types": [
      "IN_STORE_FROM_FUTURE_DATE_RANGE"
    ],
    "main_image": "https://imgproxy-retcat.assets.schwarz/vigXldKVn-aQTIb-qFcpP2iZXW4FY9n3sK3fIGvATsI/sm:1/w:427/h:320/cz/M6Ly9wcm9kLWNhd/GFsb2ctbWVkaWEvc2kvMS9EMDU2NjE3Qjc1RjYzMkYwMkFDMzA5RkY/0MEVDQUMxN0UzQkU0QjFBM0E0QUUzNkZERTgwMUVEMDk4NkVFNkE4LmpwZw.jpg",
    "image_list": [
      "https://imgproxy-retcat.assets.schwarz/vigXldKVn-aQTIb-qFcpP2iZXW4FY9n3sK3fIGvATsI/sm:1/w:427/h:320/cz/M6Ly9wcm9kLWNhd/GFsb2ctbWVkaWEvc2kvMS9EMDU2NjE3Qjc1RjYzMkYwMkFDMzA5RkY/0MEVDQUMxN0UzQkU0QjFBM0E0QUUzNkZERTgwMUVEMDk4NkVFNkE4LmpwZw.jpg"
    ],
    "image_accessibility": "Pakiranje edamskega sira.",
    "detailed_images": [
      {
        "url": "https://imgproxy-retcat.assets.schwarz/vigXldKVn-aQTIb-qFcpP2iZXW4FY9n3sK3fIGvATsI/sm:1/w:427/h:320/cz/M6Ly9wcm9kLWNhd/GFsb2ctbWVkaWEvc2kvMS9EMDU2NjE3Qjc1RjYzMkYwMkFDMzA5RkY/0MEVDQUMxN0UzQkU0QjFBM0E0QUUzNkZERTgwMUVEMDk4NkVFNkE4LmpwZw.jpg",
        "accessibility": "Pakiranje edamskega sira."
      }
    ],
    "analytics_category": "Food",
    "more_details": "Dodatne podrobnosti o izdelku",
    "won_category_primary": "Svetovi potreb/Hrana in bližnja hrana/Sir in mlečni izdelki (vključno z maslom in sirom)",
    "won_category_primary_path": "0/17/1718",
    "canonical_path": "/p/milbona-sir-edamec/p10082840",
    "canonical_url": "/p/milbona-sir-edamec/p10082840",
    "awards": [],
    "seals": [
      {
        "altText": "Logotip Lidl Plus",
        "image": "https://imgproxy-retcat.assets.schwarz/DjNLhjIEpHeUFO-WYf3wploAS16YAf6tVgt5EMshyFs/sm:1/w:140/cz/M6Ly9wcm9kLWNhd/GFsb2ctbWVkaWEvc2kvMi9BMEU2QkJCNEZCQTZENzlEQ0MzRDRFOEM/2REREODBCRjMwQUNFQjJBMDBGREI4RjI1M0Y3MDYzOTFFMTg3RUVGLnBuZw.png"
      },
      {
        "altText": "Nalepka: Hlajeno",
        "image": "https://imgproxy-retcat.assets.schwarz/7x3Iby7aD19hFySDnP2YoXt7E1r0JrvJVj0QO1gUOes/sm:1/w:140/cz/M6Ly9wcm9kLWNhd/GFsb2ctbWVkaWEvc2kvMi8xMzFBN0E2RDlCREZGREQxOEE2OTFDNEZ/FNDE5RTM0QUMxQjY4OEQ0OUY2QTAxMTRDRjQ1RjdCNTNDRjM2NUJBLnBuZw.png"
      }
    ],
    "ribbons": [
      {
        "type": "SPECIAL_DESCRIPTION",
        "text": "AKTIVIRAJ KUPON",
        "theme": "blue"
      }
    ],
    "highlighted_seals": 0,
    "lidl_plus": [
      {
        "price": {
          "basePrice": {
            "prefix": false,
            "text": "1 kg = 5.74"
          },
          "discount": {
            "deletedPrice": 6.39,
            "discountHasStar": false,
            "discountText": "- 28 %",
            "fromRecommendedPrice": false,
            "showDiscount": true,
            "showFrom": false,
            "showPercentage": true,
            "showUpTo": false
          },
          "displayedCurrency": "€",
          "hasStar": true,
          "hasVat": false,
          "oldPrice": 6.39,
          "packaging": {
            "text": "800 g"
          },
          "price": 4.59,
          "priceTheme": "red_yellow",
          "specialTaxes": []
        },
        "lidlPlusText": "z Lidl Plus",
        "highlightText": "- 28 %"
      }
    ],
    "regions": [],
    "ians": [
      "51361"
    ],
    "show_brand": true,
    "deal_of_day_active": false,
    "full_title_meta": "MILBONA Sir Edamec",
    "lists": [
      4991
    ],
    "preview": false,
    "category_breadcrumbs": [
      {
        "id": "10068374",
        "name": "Hrana in pijača",
        "url": "/c/hrana-in-pijaca/s10068374",
        "hidden": false
      },
      {
        "id": "10071017",
        "name": " Sir &  Mlečni izdelki",
        "url": "/h/sir-mlecni-izdelki/h10071017",
        "hidden": false
      }
    ],
    "campaigns": [
      {
        "id": "Current_Sales_Week",
        "name": "Ta teden",
        "url": null,
        "hidden": false
      },
      {
        "id": "10024188",
        "name": "Lidl Plus",
        "url": "/c/lidl-plus/a10024188",
        "hidden": false
      }
    ],
    "world_of_needs_code": "1718",
    "world_of_needs_name": "Sir in mlečni izdelki (vključno z maslom in sirom)",
    "world_of_needs_parent": "17",
    "is_main_category": true,
    "super_categories": [
      {
        "code": "17",
        "name": "Hrana in bližnja hrana",
        "parent": "0"
      },
      {
        "code": "0",
        "name": "Svetovi potreb",
        "parent": ""
      }
    ],
    "position": 268,
    "tracking_payload": {
      "searchTrackingMasterId": "Product.10082840",
      "searchTrackingTitle": "Sir+Edamec",
      "searchTrackingPageSize": 100,
      "searchTrackingPage": 3,
      "searchTrackingEvent": "click",
      "list": "search",
      "searchTrackingId": "Product.10082840",
      "searchTrackingOrigPos": 1,
      "searchTrackingPos": 268,
      "searchTrackingOrigPageSize": 100,
      "searchTrackingChannel": "SI",
      "category": "Food"
    }
  },
  {
    "code": "10082842",
    "name": "Torteloni",
    "url": "",
    "result_class": "product",
    "type": "product",
    "product_id": 10082842,
    "erp_number": "10082842",
    "item_id": 10082842,
    "full_title": "CHEF SELECT Torteloni",
    "title": "Torteloni",
    "category": "Food",
    "product_type": "RETAIL",
    "age_restriction": false,
    "is_used_product": false,
    "multipack": false,
    "online": false,
    "store": false,
    "quick_add_to_cart": false,
    "flash_sales": false,
    "having_videos": false,
    "having_threesixty": false,
    "price": null,
    "old_price": null,
    "currency_code": "EUR",
    "currency_symbol": "€",
    "has_star": true,
    "has_vat": false,
    "price_theme": null,
    "variants_have_different_prices": false,
    "base_price_text": null,
    "base_price_prefix": null,
    "packaging_text": null,
    "discount_deleted_price": null,
    "discount_text": null,
    "discount_percentage": null,
    "discount_has_star": null,
    "show_discount": null,
    "show_percentage": null,
    "from_recommended_price": null,
    "availability_indicator": 0,
    "online_available": false,
    "min_orderable_quantity": 1,
    "orderable_quantities": [],
    "badge_texts": [
      "V trgovini od 14.07. do 16.07."
    ],
    "badge_types": [
      "IN_STORE_FROM_FUTURE_DATE_RANGE"
    ],
    "main_image": "https://imgproxy-retcat.assets.schwarz/xBN60Yo09YjN2SeX237cVVJzhJQ7ljtcJSvPfFwt2gg/sm:1/w:427/h:320/cz/M6Ly9wcm9kLWNhd/GFsb2ctbWVkaWEvc2kvMS9BRTUwNjFGOEFBOTQzNjBEMzQxQzk0NEI/5MTM5QzkwOEY2OUE3ODhGQzNDODVERjI0M0Y5QTdDOTE2RDhGOTk2LmpwZw.jpg",
    "image_list": [
      "https://imgproxy-retcat.assets.schwarz/xBN60Yo09YjN2SeX237cVVJzhJQ7ljtcJSvPfFwt2gg/sm:1/w:427/h:320/cz/M6Ly9wcm9kLWNhd/GFsb2ctbWVkaWEvc2kvMS9BRTUwNjFGOEFBOTQzNjBEMzQxQzk0NEI/5MTM5QzkwOEY2OUE3ODhGQzNDODVERjI0M0Y5QTdDOTE2RDhGOTk2LmpwZw.jpg"
    ],
    "image_accessibility": "Tri vrečke zamrznjenega Torta Bundt peciva v različnih barvah.",
    "detailed_images": [
      {
        "url": "https://imgproxy-retcat.assets.schwarz/xBN60Yo09YjN2SeX237cVVJzhJQ7ljtcJSvPfFwt2gg/sm:1/w:427/h:320/cz/M6Ly9wcm9kLWNhd/GFsb2ctbWVkaWEvc2kvMS9BRTUwNjFGOEFBOTQzNjBEMzQxQzk0NEI/5MTM5QzkwOEY2OUE3ODhGQzNDODVERjI0M0Y5QTdDOTE2RDhGOTk2LmpwZw.jpg",
        "accessibility": "Tri vrečke zamrznjenega Torta Bundt peciva v različnih barvah."
      }
    ],
    "analytics_category": "Food",
    "more_details": "Dodatne podrobnosti o izdelku",
    "won_category_primary": "Svetovi potreb/Hrana in bližnja hrana/Pripravljene jedi (razen zamrznjene pice itd. in pekovskih izdelkov)",
    "won_category_primary_path": "0/17/1711",
    "canonical_path": "/p/chef-select-torteloni/p10082842",
    "canonical_url": "/p/chef-select-torteloni/p10082842",
    "awards": [],
    "seals": [
      {
        "altText": "Logotip Lidl Plus",
        "image": "https://imgproxy-retcat.assets.schwarz/DjNLhjIEpHeUFO-WYf3wploAS16YAf6tVgt5EMshyFs/sm:1/w:140/cz/M6Ly9wcm9kLWNhd/GFsb2ctbWVkaWEvc2kvMi9BMEU2QkJCNEZCQTZENzlEQ0MzRDRFOEM/2REREODBCRjMwQUNFQjJBMDBGREI4RjI1M0Y3MDYzOTFFMTg3RUVGLnBuZw.png"
      },
      {
        "altText": "Mednarodni vegetarijanski certifikat V-Label.",
        "image": "https://imgproxy-retcat.assets.schwarz/PVSsxl47izI214GTxA97K6suI8Nv85waqE7IRv5NeMI/sm:1/w:140/cz/M6Ly9wcm9kLWNhd/GFsb2ctbWVkaWEvc2kvMi8zNTBDN0M1RjQzMEYzRTZDODdDNTg1MDc/3Nzk4QTRGMDA5MkFFODI5QjI2RTEwRUUzQTM1MEYzOTU3MzQ5OUM4LnBuZw.png"
      }
    ],
    "ribbons": [],
    "highlighted_seals": 0,
    "lidl_plus": [
      {
        "price": {
          "basePrice": {
            "prefix": false,
            "text": "1 kg = 3.48"
          },
          "discount": {
            "deletedPrice": 1.99,
            "discountHasStar": false,
            "discountText": "- 30 %",
            "fromRecommendedPrice": false,
            "showDiscount": true,
            "showFrom": false,
            "showPercentage": true,
            "showUpTo": false
          },
          "displayedCurrency": "€",
          "hasStar": true,
          "hasVat": false,
          "oldPrice": 1.99,
          "packaging": {
            "text": "400 g"
          },
          "price": 1.39,
          "priceTheme": "red_yellow",
          "specialTaxes": []
        },
        "lidlPlusText": "z Lidl Plus",
        "highlightText": "- 30 %"
      }
    ],
    "regions": [],
    "ians": [
      "70012"
    ],
    "show_brand": true,
    "deal_of_day_active": false,
    "full_title_meta": "CHEF SELECT Torteloni",
    "lists": [
      4991
    ],
    "preview": false,
    "category_breadcrumbs": [
      {
        "id": "10068374",
        "name": "Hrana in pijača",
        "url": "/c/hrana-in-pijaca/s10068374",
        "hidden": false
      },
      {
        "id": "10071020",
        "name": "Gotove jed",
        "url": "/h/gotove-jed/h10071020",
        "hidden": false
      }
    ],
    "campaigns": [
      {
        "id": "Current_Sales_Week",
        "name": "Ta teden",
        "url": null,
        "hidden": false
      },
      {
        "id": "10024188",
        "name": "Lidl Plus",
        "url": "/c/lidl-plus/a10024188",
        "hidden": false
      }
    ],
    "world_of_needs_code": "1711",
    "world_of_needs_name": "Pripravljene jedi (razen zamrznjene pice itd. in pekovskih izdelkov)",
    "world_of_needs_parent": "17",
    "is_main_category": true,
    "super_categories": [
      {
        "code": "17",
        "name": "Hrana in bližnja hrana",
        "parent": "0"
      },
      {
        "code": "0",
        "name": "Svetovi potreb",
        "parent": ""
      }
    ],
    "position": 269,
    "tracking_payload": {
      "searchTrackingMasterId": "Product.10082842",
      "searchTrackingTitle": "Torteloni",
      "searchTrackingPageSize": 100,
      "searchTrackingPage": 3,
      "searchTrackingEvent": "click",
      "list": "search",
      "searchTrackingId": "Product.10082842",
      "searchTrackingOrigPos": 1,
      "searchTrackingPos": 269,
      "searchTrackingOrigPageSize": 100,
      "searchTrackingChannel": "SI",
      "category": "Food"
    }
  },
  {
    "code": "10082843",
    "name": "Otroški vlažilni robčki",
    "url": "",
    "result_class": "product",
    "type": "product",
    "product_id": 10082843,
    "erp_number": "10082843",
    "item_id": 10082843,
    "full_title": "VIOLETA Otroški vlažilni robčki",
    "title": "Otroški vlažilni robčki",
    "category": "Food",
    "product_type": "RETAIL",
    "age_restriction": false,
    "is_used_product": false,
    "multipack": false,
    "online": false,
    "store": false,
    "quick_add_to_cart": false,
    "flash_sales": false,
    "having_videos": false,
    "having_threesixty": false,
    "price": null,
    "old_price": null,
    "currency_code": "EUR",
    "currency_symbol": "€",
    "has_star": true,
    "has_vat": false,
    "price_theme": null,
    "variants_have_different_prices": false,
    "base_price_text": null,
    "base_price_prefix": null,
    "packaging_text": null,
    "discount_deleted_price": null,
    "discount_text": null,
    "discount_percentage": null,
    "discount_has_star": null,
    "show_discount": null,
    "show_percentage": null,
    "from_recommended_price": null,
    "availability_indicator": 0,
    "online_available": false,
    "min_orderable_quantity": 1,
    "orderable_quantities": [],
    "badge_texts": [
      "V trgovini od 14.07. do 16.07."
    ],
    "badge_types": [
      "IN_STORE_FROM_FUTURE_DATE_RANGE"
    ],
    "main_image": "https://imgproxy-retcat.assets.schwarz/8pvv6Du4ANPeFD_NDcQRBKTdFPQI-BzI3OqjCtP9vk0/sm:1/w:427/h:320/cz/M6Ly9wcm9kLWNhd/GFsb2ctbWVkaWEvc2kvMS8yNzNCNDVDNjBEQzEyMTIxRjVGMEI2Qjk/0N0I1QUU5QkExRkUwMjQwQTYyOEIzMzkwQkE4OTc2QTMzQTlEMUZDLmpwZw.jpg",
    "image_list": [
      "https://imgproxy-retcat.assets.schwarz/8pvv6Du4ANPeFD_NDcQRBKTdFPQI-BzI3OqjCtP9vk0/sm:1/w:427/h:320/cz/M6Ly9wcm9kLWNhd/GFsb2ctbWVkaWEvc2kvMS8yNzNCNDVDNjBEQzEyMTIxRjVGMEI2Qjk/0N0I1QUU5QkExRkUwMjQwQTYyOEIzMzkwQkE4OTc2QTMzQTlEMUZDLmpwZw.jpg"
    ],
    "image_accessibility": "Dvojna embalaža otroških robčkov Baby Dove z mandlji.",
    "detailed_images": [
      {
        "url": "https://imgproxy-retcat.assets.schwarz/8pvv6Du4ANPeFD_NDcQRBKTdFPQI-BzI3OqjCtP9vk0/sm:1/w:427/h:320/cz/M6Ly9wcm9kLWNhd/GFsb2ctbWVkaWEvc2kvMS8yNzNCNDVDNjBEQzEyMTIxRjVGMEI2Qjk/0N0I1QUU5QkExRkUwMjQwQTYyOEIzMzkwQkE4OTc2QTMzQTlEMUZDLmpwZw.jpg",
        "accessibility": "Dvojna embalaža otroških robčkov Baby Dove z mandlji."
      }
    ],
    "analytics_category": "Food",
    "more_details": "Dodatne podrobnosti o izdelku",
    "won_category_primary": "Svetovi potreb/Hrana in bližnja hrana/Drogerija - higiena, otroška hrana, kozmetika, čistila",
    "won_category_primary_path": "0/17/1723",
    "canonical_path": "/p/violeta-otroski-vlazilni-robcki/p10082843",
    "canonical_url": "/p/violeta-otroski-vlazilni-robcki/p10082843",
    "awards": [],
    "seals": [
      {
        "altText": "Logotip Lidl Plus",
        "image": "https://imgproxy-retcat.assets.schwarz/DjNLhjIEpHeUFO-WYf3wploAS16YAf6tVgt5EMshyFs/sm:1/w:140/cz/M6Ly9wcm9kLWNhd/GFsb2ctbWVkaWEvc2kvMi9BMEU2QkJCNEZCQTZENzlEQ0MzRDRFOEM/2REREODBCRjMwQUNFQjJBMDBGREI4RjI1M0Y3MDYzOTFFMTg3RUVGLnBuZw.png"
      }
    ],
    "ribbons": [],
    "highlighted_seals": 0,
    "lidl_plus": [
      {
        "price": {
          "basePrice": {
            "prefix": false,
            "text": "1 kos = 0.02"
          },
          "discount": {
            "deletedPrice": 3.69,
            "discountHasStar": false,
            "discountText": "- 32 %",
            "fromRecommendedPrice": false,
            "showDiscount": true,
            "showFrom": false,
            "showPercentage": true,
            "showUpTo": false
          },
          "displayedCurrency": "€",
          "hasStar": true,
          "hasVat": false,
          "oldPrice": 3.69,
          "packaging": {
            "text": "2 x 56 kosov"
          },
          "price": 2.49,
          "priceTheme": "red_yellow",
          "specialTaxes": []
        },
        "lidlPlusText": "z Lidl Plus",
        "highlightText": "- 32 %"
      }
    ],
    "regions": [],
    "ians": [
      "6906922"
    ],
    "show_brand": true,
    "deal_of_day_active": false,
    "full_title_meta": "VIOLETA Otroški vlažilni robčki",
    "lists": [
      4991
    ],
    "preview": false,
    "category_breadcrumbs": [
      {
        "id": "10068374",
        "name": "Hrana in pijača",
        "url": "/c/hrana-in-pijaca/s10068374",
        "hidden": false
      },
      {
        "id": "10071019",
        "name": "Osebna nega",
        "url": "/h/osebna-nega/h10071019",
        "hidden": false
      }
    ],
    "campaigns": [
      {
        "id": "Current_Sales_Week",
        "name": "Ta teden",
        "url": null,
        "hidden": false
      },
      {
        "id": "10024188",
        "name": "Lidl Plus",
        "url": "/c/lidl-plus/a10024188",
        "hidden": false
      }
    ],
    "world_of_needs_code": "1723",
    "world_of_needs_name": "Drogerija - higiena, otroška hrana, kozmetika, čistila",
    "world_of_needs_parent": "17",
    "is_main_category": true,
    "super_categories": [
      {
        "code": "17",
        "name": "Hrana in bližnja hrana",
        "parent": "0"
      },
      {
        "code": "0",
        "name": "Svetovi potreb",
        "parent": ""
      }
    ],
    "position": 270,
    "tracking_payload": {
      "searchTrackingMasterId": "Product.10082843",
      "searchTrackingTitle": "Otro%C5%A1ki+vla%C5%BEilni+rob%C4%8Dki",
      "searchTrackingPageSize": 100,
      "searchTrackingPage": 3,
      "searchTrackingEvent": "click",
      "list": "search",
      "searchTrackingId": "Product.10082843",
      "searchTrackingOrigPos": 1,
      "searchTrackingPos": 270,
      "searchTrackingOrigPageSize": 100,
      "searchTrackingChannel": "SI",
      "category": "Food"
    }
  },
  {
    "code": "10083096",
    "name": "Kremni namaz s pistacijo",
    "url": "",
    "result_class": "product",
    "type": "product",
    "product_id": 10083096,
    "erp_number": "10083096",
    "item_id": 10083096,
    "full_title": "DELUXE Kremni namaz s pistacijo",
    "title": "Kremni namaz s pistacijo",
    "category": "Food",
    "product_type": "RETAIL",
    "age_restriction": false,
    "is_used_product": false,
    "multipack": false,
    "online": false,
    "store": false,
    "quick_add_to_cart": false,
    "flash_sales": false,
    "having_videos": false,
    "having_threesixty": false,
    "price": 4.99,
    "old_price": 0.0,
    "currency_code": "EUR",
    "currency_symbol": "€",
    "has_star": true,
    "has_vat": false,
    "price_theme": "white_red",
    "variants_have_different_prices": false,
    "base_price_text": "1 kg = 14.26",
    "base_price_prefix": false,
    "packaging_text": "350 g",
    "discount_deleted_price": null,
    "discount_text": "ZGRABITE PRILOŽNOST!",
    "discount_percentage": null,
    "discount_has_star": false,
    "show_discount": false,
    "show_percentage": false,
    "from_recommended_price": false,
    "availability_indicator": 0,
    "online_available": false,
    "min_orderable_quantity": 1,
    "orderable_quantities": [],
    "badge_texts": [
      "od 10.07. v trgovini"
    ],
    "badge_types": [
      "IN_STORE_FROM_DATE_FUTURE"
    ],
    "main_image": "https://imgproxy-retcat.assets.schwarz/bbMETBD7hvg-FX9tX4teWoeeoAX9mDWoh56s0Yzl8k4/sm:1/w:427/h:320/cz/M6Ly9wcm9kLWNhd/GFsb2ctbWVkaWEvc2kvMS81RjhGQ0M0MUM1MDIyQjVBMThENDQ0MUN/BMDgwREIzQ0UyMkQzRjhGMDkxMzdERkRGM0Y0RUNDMUU2Q0YyNDA5LmpwZw.jpg",
    "image_list": [
      "https://imgproxy-retcat.assets.schwarz/bbMETBD7hvg-FX9tX4teWoeeoAX9mDWoh56s0Yzl8k4/sm:1/w:427/h:320/cz/M6Ly9wcm9kLWNhd/GFsb2ctbWVkaWEvc2kvMS81RjhGQ0M0MUM1MDIyQjVBMThENDQ0MUN/BMDgwREIzQ0UyMkQzRjhGMDkxMzdERkRGM0Y0RUNDMUU2Q0YyNDA5LmpwZw.jpg"
    ],
    "image_accessibility": "Kozarček pistacijinega masla Dolmio.",
    "detailed_images": [
      {
        "url": "https://imgproxy-retcat.assets.schwarz/bbMETBD7hvg-FX9tX4teWoeeoAX9mDWoh56s0Yzl8k4/sm:1/w:427/h:320/cz/M6Ly9wcm9kLWNhd/GFsb2ctbWVkaWEvc2kvMS81RjhGQ0M0MUM1MDIyQjVBMThENDQ0MUN/BMDgwREIzQ0UyMkQzRjhGMDkxMzdERkRGM0Y0RUNDMUU2Q0YyNDA5LmpwZw.jpg",
        "accessibility": "Kozarček pistacijinega masla Dolmio."
      }
    ],
    "analytics_category": "Food",
    "more_details": "Dodatne podrobnosti o izdelku",
    "won_category_primary": "Svetovi potreb/Hrana in bližnja hrana/Delikatesa",
    "won_category_primary_path": "0/17/1734",
    "canonical_path": "/p/deluxe-kremni-namaz-s-pistacijo/p10083096",
    "canonical_url": "/p/deluxe-kremni-namaz-s-pistacijo/p10083096",
    "awards": [],
    "seals": [],
    "ribbons": [],
    "highlighted_seals": 0,
    "lidl_plus": [],
    "regions": [],
    "ians": [
      "6209338"
    ],
    "show_brand": true,
    "deal_of_day_active": false,
    "full_title_meta": "DELUXE Kremni namaz s pistacijo",
    "lists": [
      4991
    ],
    "preview": false,
    "category_breadcrumbs": [
      {
        "id": "10068374",
        "name": "Hrana in pijača",
        "url": "/c/hrana-in-pijaca/s10068374",
        "hidden": false
      },
      {
        "id": "10071680",
        "name": "Delikatesa",
        "url": "/h/delikatesa/h10071680",
        "hidden": false
      }
    ],
    "campaigns": [
      {
        "id": "Current_Sales_Week",
        "name": "Ta teden",
        "url": null,
        "hidden": false
      },
      {
        "id": "10075259",
        "name": "Deluxe - Gurmanski okus poletja",
        "url": "/c/deluxe-gurmanski-okus-poletja/a10075259",
        "hidden": false
      }
    ],
    "world_of_needs_code": "1734",
    "world_of_needs_name": "Delikatesa",
    "world_of_needs_parent": "17",
    "is_main_category": true,
    "super_categories": [
      {
        "code": "17",
        "name": "Hrana in bližnja hrana",
        "parent": "0"
      },
      {
        "code": "0",
        "name": "Svetovi potreb",
        "parent": ""
      }
    ],
    "position": 271,
    "tracking_payload": {
      "searchTrackingMasterId": "Product.10083096",
      "searchTrackingTitle": "Kremni+namaz+s+pistacijo",
      "searchTrackingPageSize": 100,
      "searchTrackingPage": 3,
      "searchTrackingEvent": "click",
      "list": "search",
      "searchTrackingId": "Product.10083096",
      "searchTrackingOrigPos": 1,
      "searchTrackingPos": 271,
      "searchTrackingOrigPageSize": 100,
      "searchTrackingChannel": "SI",
      "category": "Food"
    }
  },
  {
    "code": "10075263",
    "name": "Ketchup blagi, 1 kg",
    "url": "",
    "result_class": "product",
    "type": "product",
    "product_id": 10075263,
    "erp_number": "10075263",
    "item_id": 10075263,
    "full_title": "ZVIJEZDA Ketchup blagi, 1 kg",
    "title": "Ketchup blagi, 1 kg",
    "category": "Food",
    "product_type": "RETAIL",
    "age_restriction": false,
    "is_used_product": false,
    "multipack": false,
    "online": false,
    "store": false,
    "quick_add_to_cart": false,
    "flash_sales": false,
    "having_videos": false,
    "having_threesixty": false,
    "price": 2.79,
    "old_price": 0.0,
    "currency_code": "EUR",
    "currency_symbol": "€",
    "has_star": true,
    "has_vat": false,
    "price_theme": "white_red",
    "variants_have_different_prices": false,
    "base_price_text": null,
    "base_price_prefix": null,
    "packaging_text": "1 kg",
    "discount_deleted_price": null,
    "discount_text": "ZGRABITE PRILOŽNOST!",
    "discount_percentage": null,
    "discount_has_star": false,
    "show_discount": false,
    "show_percentage": false,
    "from_recommended_price": false,
    "availability_indicator": 0,
    "online_available": false,
    "min_orderable_quantity": 1,
    "orderable_quantities": [],
    "badge_texts": [
      "V trgovini od 10.07. do 16.07."
    ],
    "badge_types": [
      "IN_STORE_FROM_FUTURE_DATE_RANGE"
    ],
    "main_image": "https://imgproxy-retcat.assets.schwarz/-BzcoOqYDX5SE-R-btC1OZDB1QB8UgO6LwE2twEUXuU/sm:1/w:427/h:320/cz/M6Ly9wcm9kLWNhd/GFsb2ctbWVkaWEvc2kvMS9GNDAwMEY1MDRGNTVFRjI5NzJBMDEwNzd/BQUI5MUJBMUQ1OUM0NEY2MzlGMjk5MjdCQUZDMjY1NjJFNzE1M0E2LmpwZw.jpg",
    "image_list": [
      "https://imgproxy-retcat.assets.schwarz/-BzcoOqYDX5SE-R-btC1OZDB1QB8UgO6LwE2twEUXuU/sm:1/w:427/h:320/cz/M6Ly9wcm9kLWNhd/GFsb2ctbWVkaWEvc2kvMS9GNDAwMEY1MDRGNTVFRjI5NzJBMDEwNzd/BQUI5MUJBMUQ1OUM0NEY2MzlGMjk5MjdCQUZDMjY1NjJFNzE1M0E2LmpwZw.jpg"
    ],
    "image_accessibility": "Steklenica paradižnikove omake Pola.",
    "detailed_images": [
      {
        "url": "https://imgproxy-retcat.assets.schwarz/-BzcoOqYDX5SE-R-btC1OZDB1QB8UgO6LwE2twEUXuU/sm:1/w:427/h:320/cz/M6Ly9wcm9kLWNhd/GFsb2ctbWVkaWEvc2kvMS9GNDAwMEY1MDRGNTVFRjI5NzJBMDEwNzd/BQUI5MUJBMUQ1OUM0NEY2MzlGMjk5MjdCQUZDMjY1NjJFNzE1M0E2LmpwZw.jpg",
        "accessibility": "Steklenica paradižnikove omake Pola."
      }
    ],
    "analytics_category": "Food",
    "more_details": "Dodatne podrobnosti o izdelku",
    "won_category_primary": "Svetovi potreb/Hrana in bližnja hrana/Začimbe, gorčica in omake",
    "won_category_primary_path": "0/17/1736",
    "canonical_path": "/p/zvijezda-ketchup-blagi-1-kg/p10075263",
    "canonical_url": "/p/zvijezda-ketchup-blagi-1-kg/p10075263",
    "awards": [],
    "seals": [],
    "ribbons": [],
    "highlighted_seals": 0,
    "lidl_plus": [],
    "regions": [],
    "ians": [
      "6902363"
    ],
    "show_brand": true,
    "deal_of_day_active": false,
    "full_title_meta": "ZVIJEZDA Ketchup blagi, 1 kg",
    "lists": [
      4991
    ],
    "preview": false,
    "category_breadcrumbs": [
      {
        "id": "10068374",
        "name": "Hrana in pijača",
        "url": "/c/hrana-in-pijaca/s10068374",
        "hidden": false
      },
      {
        "id": "10071682",
        "name": "Začimbe, gorčica in omake",
        "url": "/h/zacimbe-gorcica-in-omake/h10071682",
        "hidden": false
      }
    ],
    "campaigns": [
      {
        "id": "Current_Sales_Week",
        "name": "Ta teden",
        "url": null,
        "hidden": false
      },
      {
        "id": "10075258",
        "name": "Tvoja Lidl cena",
        "url": "/c/tvoja-lidl-cena/a10075258",
        "hidden": false
      }
    ],
    "world_of_needs_code": "1736",
    "world_of_needs_name": "Začimbe, gorčica in omake",
    "world_of_needs_parent": "17",
    "is_main_category": true,
    "super_categories": [
      {
        "code": "17",
        "name": "Hrana in bližnja hrana",
        "parent": "0"
      },
      {
        "code": "0",
        "name": "Svetovi potreb",
        "parent": ""
      }
    ],
    "position": 272,
    "tracking_payload": {
      "searchTrackingMasterId": "Product.10075263",
      "searchTrackingTitle": "Ketchup+blagi%2C+1+kg",
      "searchTrackingPageSize": 100,
      "searchTrackingPage": 3,
      "searchTrackingEvent": "click",
      "list": "search",
      "searchTrackingId": "Product.10075263",
      "searchTrackingOrigPos": 1,
      "searchTrackingPos": 272,
      "searchTrackingOrigPageSize": 100,
      "searchTrackingChannel": "SI",
      "category": "Food"
    }
  },
  {
    "code": "10075265",
    "name": "Sir za žar",
    "url": "",
    "result_class": "product",
    "type": "product",
    "product_id": 10075265,
    "erp_number": "10075265",
    "item_id": 10075265,
    "full_title": "PRESIDENT Sir za žar",
    "title": "Sir za žar",
    "category": "Food",
    "product_type": "RETAIL",
    "age_restriction": false,
    "is_used_product": false,
    "multipack": false,
    "online": false,
    "store": false,
    "quick_add_to_cart": false,
    "flash_sales": false,
    "having_videos": false,
    "having_threesixty": false,
    "price": 2.79,
    "old_price": 0.0,
    "currency_code": "EUR",
    "currency_symbol": "€",
    "has_star": true,
    "has_vat": false,
    "price_theme": "white_red",
    "variants_have_different_prices": false,
    "base_price_text": "1 kg = 11.16",
    "base_price_prefix": false,
    "packaging_text": "250 g",
    "discount_deleted_price": null,
    "discount_text": "ZGRABITE PRILOŽNOST!",
    "discount_percentage": null,
    "discount_has_star": false,
    "show_discount": false,
    "show_percentage": false,
    "from_recommended_price": false,
    "availability_indicator": 0,
    "online_available": false,
    "min_orderable_quantity": 1,
    "orderable_quantities": [],
    "badge_texts": [
      "V trgovini od 10.07. do 16.07."
    ],
    "badge_types": [
      "IN_STORE_FROM_FUTURE_DATE_RANGE"
    ],
    "main_image": "https://imgproxy-retcat.assets.schwarz/yME8VhGjtc0k_meMYuqwJnavsJD505vPlnibwXDIinE/sm:1/w:427/h:320/cz/M6Ly9wcm9kLWNhd/GFsb2ctbWVkaWEvc2kvMS9ENTY0REFFNENBMzM0M0U1RjE1Qjc1NzJ/ENTUyQzM1QTEyODA2NjQyRjRFMjEyMTc0MDRBNzhERTY5NEVBOEU2LmpwZw.jpg",
    "image_list": [
      "https://imgproxy-retcat.assets.schwarz/yME8VhGjtc0k_meMYuqwJnavsJD505vPlnibwXDIinE/sm:1/w:427/h:320/cz/M6Ly9wcm9kLWNhd/GFsb2ctbWVkaWEvc2kvMS9ENTY0REFFNENBMzM0M0U1RjE1Qjc1NzJ/ENTUyQzM1QTEyODA2NjQyRjRFMjEyMTc0MDRBNzhERTY5NEVBOEU2LmpwZw.jpg"
    ],
    "image_accessibility": "Pakiranje brezglutenskih penne testenin znamke Insaluta.",
    "detailed_images": [
      {
        "url": "https://imgproxy-retcat.assets.schwarz/yME8VhGjtc0k_meMYuqwJnavsJD505vPlnibwXDIinE/sm:1/w:427/h:320/cz/M6Ly9wcm9kLWNhd/GFsb2ctbWVkaWEvc2kvMS9ENTY0REFFNENBMzM0M0U1RjE1Qjc1NzJ/ENTUyQzM1QTEyODA2NjQyRjRFMjEyMTc0MDRBNzhERTY5NEVBOEU2LmpwZw.jpg",
        "accessibility": "Pakiranje brezglutenskih penne testenin znamke Insaluta."
      }
    ],
    "analytics_category": "Food",
    "more_details": "Dodatne podrobnosti o izdelku",
    "won_category_primary": "Svetovi potreb/Hrana in bližnja hrana/Sir in mlečni izdelki (vključno z maslom in sirom)",
    "won_category_primary_path": "0/17/1718",
    "canonical_path": "/p/president-sir-za-zar/p10075265",
    "canonical_url": "/p/president-sir-za-zar/p10075265",
    "awards": [],
    "seals": [
      {
        "altText": "Nalepka: IZBRANA KAKOVOST, dva diamanti",
        "image": "https://imgproxy-retcat.assets.schwarz/wtd5_GfhfuyCgNwAfOv49gnGT4Rn6TY8NjywUVGixAk/sm:1/w:140/cz/M6Ly9wcm9kLWNhd/GFsb2ctbWVkaWEvc2kvMi9ERjg3RTE1MjgwMUFGRjI2RTRDNEZCMTc/zMkQ1NjRFODNBNzZEN0IxNUQ5MDY2Q0U4RDAxMEY5MTUzMzkyQjRCLnBuZw.png"
      },
      {
        "altText": "Nalepka: Hlajeno",
        "image": "https://imgproxy-retcat.assets.schwarz/7x3Iby7aD19hFySDnP2YoXt7E1r0JrvJVj0QO1gUOes/sm:1/w:140/cz/M6Ly9wcm9kLWNhd/GFsb2ctbWVkaWEvc2kvMi8xMzFBN0E2RDlCREZGREQxOEE2OTFDNEZ/FNDE5RTM0QUMxQjY4OEQ0OUY2QTAxMTRDRjQ1RjdCNTNDRjM2NUJBLnBuZw.png"
      }
    ],
    "ribbons": [],
    "highlighted_seals": 0,
    "lidl_plus": [],
    "regions": [],
    "ians": [
      "7302569"
    ],
    "show_brand": true,
    "deal_of_day_active": false,
    "full_title_meta": "PRESIDENT Sir za žar",
    "lists": [
      4941,
      4991
    ],
    "preview": false,
    "category_breadcrumbs": [
      {
        "id": "10068374",
        "name": "Hrana in pijača",
        "url": "/c/hrana-in-pijaca/s10068374",
        "hidden": false
      },
      {
        "id": "10071017",
        "name": " Sir &  Mlečni izdelki",
        "url": "/h/sir-mlecni-izdelki/h10071017",
        "hidden": false
      }
    ],
    "campaigns": [
      {
        "id": "Current_Sales_Week",
        "name": "Ta teden",
        "url": null,
        "hidden": false
      },
      {
        "id": "10075258",
        "name": "Tvoja Lidl cena",
        "url": "/c/tvoja-lidl-cena/a10075258",
        "hidden": false
      }
    ],
    "world_of_needs_code": "1718",
    "world_of_needs_name": "Sir in mlečni izdelki (vključno z maslom in sirom)",
    "world_of_needs_parent": "17",
    "is_main_category": true,
    "super_categories": [
      {
        "code": "17",
        "name": "Hrana in bližnja hrana",
        "parent": "0"
      },
      {
        "code": "0",
        "name": "Svetovi potreb",
        "parent": ""
      }
    ],
    "position": 273,
    "tracking_payload": {
      "searchTrackingMasterId": "Product.10075265",
      "searchTrackingTitle": "Sir+za+%C5%BEar",
      "searchTrackingPageSize": 100,
      "searchTrackingPage": 3,
      "searchTrackingEvent": "click",
      "list": "search",
      "searchTrackingId": "Product.10075265",
      "searchTrackingOrigPos": 1,
      "searchTrackingPos": 273,
      "searchTrackingOrigPageSize": 100,
      "searchTrackingChannel": "SI",
      "category": "Food"
    }
  },
  {
    "code": "10076513",
    "name": "Cockta Original",
    "url": "",
    "result_class": "product",
    "type": "product",
    "product_id": 10076513,
    "erp_number": "10076513",
    "item_id": 10076513,
    "full_title": "Cockta Original",
    "title": "Cockta Original",
    "category": "Food",
    "product_type": "RETAIL",
    "age_restriction": false,
    "is_used_product": false,
    "multipack": false,
    "online": false,
    "store": false,
    "quick_add_to_cart": false,
    "flash_sales": false,
    "having_videos": false,
    "having_threesixty": false,
    "price": 4.99,
    "old_price": 0.0,
    "currency_code": "EUR",
    "currency_symbol": "€",
    "has_star": true,
    "has_vat": false,
    "price_theme": "white_red",
    "variants_have_different_prices": false,
    "base_price_text": "1 l = 0.83",
    "base_price_prefix": false,
    "packaging_text": "4 x 1,5 l",
    "discount_deleted_price": null,
    "discount_text": "3+1 GRATIS!**",
    "discount_percentage": null,
    "discount_has_star": false,
    "show_discount": false,
    "show_percentage": false,
    "from_recommended_price": false,
    "availability_indicator": 0,
    "online_available": false,
    "min_orderable_quantity": 1,
    "orderable_quantities": [],
    "badge_texts": [
      "V trgovini od 10.07. do 16.07."
    ],
    "badge_types": [
      "IN_STORE_FROM_FUTURE_DATE_RANGE"
    ],
    "main_image": "https://imgproxy-retcat.assets.schwarz/xrJRyfYuHAFsC7E7O0hHmd8mMDHezPCLo0NhqxCaT4c/sm:1/w:427/h:320/cz/M6Ly9wcm9kLWNhd/GFsb2ctbWVkaWEvc2kvMS84QzNFNTBGNTE0MzVBMkZBMEMzNzI5ODk/1NzdEOENCNTk0N0UwRjNEMkZGNDlDN0Y1RTYyNUI5RDVGOUY1RjY5LmpwZw.jpg",
    "image_list": [
      "https://imgproxy-retcat.assets.schwarz/xrJRyfYuHAFsC7E7O0hHmd8mMDHezPCLo0NhqxCaT4c/sm:1/w:427/h:320/cz/M6Ly9wcm9kLWNhd/GFsb2ctbWVkaWEvc2kvMS84QzNFNTBGNTE0MzVBMkZBMEMzNzI5ODk/1NzdEOENCNTk0N0UwRjNEMkZGNDlDN0Y1RTYyNUI5RDVGOUY1RjY5LmpwZw.jpg"
    ],
    "image_accessibility": "Štiri steklenice Cockta pijače, 3+1 gratis ponudba.",
    "detailed_images": [
      {
        "url": "https://imgproxy-retcat.assets.schwarz/xrJRyfYuHAFsC7E7O0hHmd8mMDHezPCLo0NhqxCaT4c/sm:1/w:427/h:320/cz/M6Ly9wcm9kLWNhd/GFsb2ctbWVkaWEvc2kvMS84QzNFNTBGNTE0MzVBMkZBMEMzNzI5ODk/1NzdEOENCNTk0N0UwRjNEMkZGNDlDN0Y1RTYyNUI5RDVGOUY1RjY5LmpwZw.jpg",
        "accessibility": "Štiri steklenice Cockta pijače, 3+1 gratis ponudba."
      }
    ],
    "analytics_category": "Food",
    "more_details": "Dodatne podrobnosti o izdelku",
    "won_category_primary": "Svetovi potreb/Hrana in bližnja hrana/Pijače",
    "won_category_primary_path": "0/17/1720",
    "canonical_path": "/p/cockta-original/p10076513",
    "canonical_url": "/p/cockta-original/p10076513",
    "awards": [],
    "seals": [
      {
        "altText": "Slovenski izdelek",
        "image": "https://imgproxy-retcat.assets.schwarz/065GlWscfuyzRNlqdEjgEaZNE6893872XSglFaanlJA/sm:1/w:140/cz/M6Ly9wcm9kLWNhd/GFsb2ctbWVkaWEvc2kvMi83RTk4NkYyRDk1MTlDRUJBNzA1N0JGMzA/1QjA1NjUyRjVCMjMzNzZGRjY4MzVEREFGQzIwQzE5NDVFQUE5M0RCLnBuZw.png"
      }
    ],
    "ribbons": [],
    "highlighted_seals": 0,
    "lidl_plus": [],
    "regions": [],
    "ians": [
      "7306766"
    ],
    "show_brand": false,
    "deal_of_day_active": false,
    "full_title_meta": "Cockta Original",
    "lists": [
      4991
    ],
    "preview": false,
    "category_breadcrumbs": [
      {
        "id": "10068374",
        "name": "Hrana in pijača",
        "url": "/c/hrana-in-pijaca/s10068374",
        "hidden": false
      },
      {
        "id": "10071022",
        "name": "Pijače",
        "url": "/h/pijace/h10071022",
        "hidden": false
      }
    ],
    "campaigns": [
      {
        "id": "Current_Sales_Week",
        "name": "Ta teden",
        "url": null,
        "hidden": false
      },
      {
        "id": "10075258",
        "name": "Tvoja Lidl cena",
        "url": "/c/tvoja-lidl-cena/a10075258",
        "hidden": false
      }
    ],
    "world_of_needs_code": "1720",
    "world_of_needs_name": "Pijače",
    "world_of_needs_parent": "17",
    "is_main_category": true,
    "super_categories": [
      {
        "code": "17",
        "name": "Hrana in bližnja hrana",
        "parent": "0"
      },
      {
        "code": "0",
        "name": "Svetovi potreb",
        "parent": ""
      }
    ],
    "position": 274,
    "tracking_payload": {
      "searchTrackingMasterId": "Product.10076513",
      "searchTrackingTitle": "Cockta+Original",
      "searchTrackingPageSize": 100,
      "searchTrackingPage": 3,
      "searchTrackingEvent": "click",
      "list": "search",
      "searchTrackingId": "Product.10076513",
      "searchTrackingOrigPos": 1,
      "searchTrackingPos": 274,
      "searchTrackingOrigPageSize": 100,
      "searchTrackingChannel": "SI",
      "category": "Food"
    }
  },
  {
    "code": "10079558",
    "name": "Malt ananas",
    "url": "",
    "result_class": "product",
    "type": "product",
    "product_id": 10079558,
    "erp_number": "10079558",
    "item_id": 10079558,
    "full_title": "LAŠKO Malt ananas",
    "title": "Malt ananas",
    "category": "Food",
    "product_type": "RETAIL",
    "age_restriction": false,
    "is_used_product": false,
    "multipack": false,
    "online": false,
    "store": false,
    "quick_add_to_cart": false,
    "flash_sales": false,
    "having_videos": false,
    "having_threesixty": false,
    "price": 2.29,
    "old_price": 0.0,
    "currency_code": "EUR",
    "currency_symbol": "€",
    "has_star": true,
    "has_vat": false,
    "price_theme": "white_red",
    "variants_have_different_prices": false,
    "base_price_text": "1 l = 1.73",
    "base_price_prefix": false,
    "packaging_text": "4 x 0,33 l",
    "discount_deleted_price": null,
    "discount_text": "ZGRABITE PRILOŽNOST!",
    "discount_percentage": null,
    "discount_has_star": false,
    "show_discount": false,
    "show_percentage": false,
    "from_recommended_price": false,
    "availability_indicator": 0,
    "online_available": false,
    "min_orderable_quantity": 1,
    "orderable_quantities": [],
    "badge_texts": [
      "V trgovini od 10.07. do 16.07."
    ],
    "badge_types": [
      "IN_STORE_FROM_FUTURE_DATE_RANGE"
    ],
    "main_image": "https://imgproxy-retcat.assets.schwarz/RITR7OWZVSm9281-YRUcwXjD12DvglUmzFVKHNdpEiA/sm:1/w:427/h:320/cz/M6Ly9wcm9kLWNhd/GFsb2ctbWVkaWEvc2kvMS9CNDRDMzZFNjNFMzREMzNDNDZERjZDRTA/5MTUyQjY3N0ZFNDJCNjcxMEMxNDk2REM0Q0E1NTk1RTdDRjBGQTQ5LmpwZw.jpg",
    "image_list": [
      "https://imgproxy-retcat.assets.schwarz/RITR7OWZVSm9281-YRUcwXjD12DvglUmzFVKHNdpEiA/sm:1/w:427/h:320/cz/M6Ly9wcm9kLWNhd/GFsb2ctbWVkaWEvc2kvMS9CNDRDMzZFNjNFMzREMzNDNDZERjZDRTA/5MTUyQjY3N0ZFNDJCNjcxMEMxNDk2REM0Q0E1NTk1RTdDRjBGQTQ5LmpwZw.jpg"
    ],
    "image_accessibility": "Štiri pločevinke Lilt soka v rumenem pakiranju.",
    "detailed_images": [
      {
        "url": "https://imgproxy-retcat.assets.schwarz/RITR7OWZVSm9281-YRUcwXjD12DvglUmzFVKHNdpEiA/sm:1/w:427/h:320/cz/M6Ly9wcm9kLWNhd/GFsb2ctbWVkaWEvc2kvMS9CNDRDMzZFNjNFMzREMzNDNDZERjZDRTA/5MTUyQjY3N0ZFNDJCNjcxMEMxNDk2REM0Q0E1NTk1RTdDRjBGQTQ5LmpwZw.jpg",
        "accessibility": "Štiri pločevinke Lilt soka v rumenem pakiranju."
      }
    ],
    "analytics_category": "Food",
    "more_details": "Dodatne podrobnosti o izdelku",
    "won_category_primary": "Svetovi potreb/Hrana in bližnja hrana/Prigrizki in slaščice",
    "won_category_primary_path": "0/17/1721",
    "canonical_path": "/p/lasko-malt-ananas/p10079558",
    "canonical_url": "/p/lasko-malt-ananas/p10079558",
    "awards": [],
    "seals": [
      {
        "altText": "Slovenski izdelek",
        "image": "https://imgproxy-retcat.assets.schwarz/065GlWscfuyzRNlqdEjgEaZNE6893872XSglFaanlJA/sm:1/w:140/cz/M6Ly9wcm9kLWNhd/GFsb2ctbWVkaWEvc2kvMi83RTk4NkYyRDk1MTlDRUJBNzA1N0JGMzA/1QjA1NjUyRjVCMjMzNzZGRjY4MzVEREFGQzIwQzE5NDVFQUE5M0RCLnBuZw.png"
      }
    ],
    "ribbons": [],
    "highlighted_seals": 0,
    "lidl_plus": [],
    "regions": [],
    "ians": [
      "7304860"
    ],
    "show_brand": true,
    "deal_of_day_active": false,
    "full_title_meta": "LAŠKO Malt ananas",
    "lists": [
      4991
    ],
    "preview": false,
    "category_breadcrumbs": [
      {
        "id": "10068374",
        "name": "Hrana in pijača",
        "url": "/c/hrana-in-pijaca/s10068374",
        "hidden": false
      },
      {
        "id": "10071044",
        "name": "Prigrizki in sladkarije",
        "url": "/h/prigrizki-in-sladkarije/h10071044",
        "hidden": false
      }
    ],
    "campaigns": [
      {
        "id": "Current_Sales_Week",
        "name": "Ta teden",
        "url": null,
        "hidden": false
      },
      {
        "id": "10075258",
        "name": "Tvoja Lidl cena",
        "url": "/c/tvoja-lidl-cena/a10075258",
        "hidden": false
      }
    ],
    "world_of_needs_code": "1721",
    "world_of_needs_name": "Prigrizki in slaščice",
    "world_of_needs_parent": "17",
    "is_main_category": true,
    "super_categories": [
      {
        "code": "17",
        "name": "Hrana in bližnja hrana",
        "parent": "0"
      },
      {
        "code": "0",
        "name": "Svetovi potreb",
        "parent": ""
      }
    ],
    "position": 275,
    "tracking_payload": {
      "searchTrackingMasterId": "Product.10079558",
      "searchTrackingTitle": "Malt+ananas",
      "searchTrackingPageSize": 100,
      "searchTrackingPage": 3,
      "searchTrackingEvent": "click",
      "list": "search",
      "searchTrackingId": "Product.10079558",
      "searchTrackingOrigPos": 1,
      "searchTrackingPos": 275,
      "searchTrackingOrigPageSize": 100,
      "searchTrackingChannel": "SI",
      "category": "Food"
    }
  },
  {
    "code": "10082553",
    "name": "Aloe napitek",
    "url": "",
    "result_class": "product",
    "type": "product",
    "product_id": 10082553,
    "erp_number": "10082553",
    "item_id": 10082553,
    "full_title": "GENIE Aloe napitek",
    "title": "Aloe napitek",
    "category": "Food",
    "product_type": "RETAIL",
    "age_restriction": false,
    "is_used_product": false,
    "multipack": false,
    "online": false,
    "store": false,
    "quick_add_to_cart": false,
    "flash_sales": false,
    "having_videos": false,
    "having_threesixty": false,
    "price": 1.19,
    "old_price": 0.0,
    "currency_code": "EUR",
    "currency_symbol": "€",
    "has_star": true,
    "has_vat": false,
    "price_theme": "white_red",
    "variants_have_different_prices": false,
    "base_price_text": "1 l = 2.38",
    "base_price_prefix": false,
    "packaging_text": "0,5 l",
    "discount_deleted_price": null,
    "discount_text": "ZGRABITE PRILOŽNOST!",
    "discount_percentage": null,
    "discount_has_star": false,
    "show_discount": false,
    "show_percentage": false,
    "from_recommended_price": false,
    "availability_indicator": 0,
    "online_available": false,
    "min_orderable_quantity": 1,
    "orderable_quantities": [],
    "badge_texts": [
      "V trgovini od 10.07. do 16.07."
    ],
    "badge_types": [
      "IN_STORE_FROM_FUTURE_DATE_RANGE"
    ],
    "main_image": "https://imgproxy-retcat.assets.schwarz/kudsj9Hfy3xmcGCGgVLrQNu-o4EUviImABLFTzMzQtI/sm:1/w:427/h:320/cz/M6Ly9wcm9kLWNhd/GFsb2ctbWVkaWEvc2kvMS84RTk0Q0IzNzQ0RkExOUZBMTdEMjg4NjI/1QTk0NjJEMzBGOTQwQjc5MUY5MEQ2REZCMDZCNzlCMzcyM0I3MERELmpwZw.jpg",
    "image_list": [
      "https://imgproxy-retcat.assets.schwarz/kudsj9Hfy3xmcGCGgVLrQNu-o4EUviImABLFTzMzQtI/sm:1/w:427/h:320/cz/M6Ly9wcm9kLWNhd/GFsb2ctbWVkaWEvc2kvMS84RTk0Q0IzNzQ0RkExOUZBMTdEMjg4NjI/1QTk0NjJEMzBGOTQwQjc5MUY5MEQ2REZCMDZCNzlCMzcyM0I3MERELmpwZw.jpg"
    ],
    "image_accessibility": "Steklenica Aloe Vera soka.",
    "detailed_images": [
      {
        "url": "https://imgproxy-retcat.assets.schwarz/kudsj9Hfy3xmcGCGgVLrQNu-o4EUviImABLFTzMzQtI/sm:1/w:427/h:320/cz/M6Ly9wcm9kLWNhd/GFsb2ctbWVkaWEvc2kvMS84RTk0Q0IzNzQ0RkExOUZBMTdEMjg4NjI/1QTk0NjJEMzBGOTQwQjc5MUY5MEQ2REZCMDZCNzlCMzcyM0I3MERELmpwZw.jpg",
        "accessibility": "Steklenica Aloe Vera soka."
      }
    ],
    "analytics_category": "Food",
    "more_details": "Dodatne podrobnosti o izdelku",
    "won_category_primary": "Svetovi potreb/Hrana in bližnja hrana/Pijače",
    "won_category_primary_path": "0/17/1720",
    "canonical_path": "/p/genie-aloe-napitek/p10082553",
    "canonical_url": "/p/genie-aloe-napitek/p10082553",
    "awards": [],
    "seals": [],
    "ribbons": [],
    "highlighted_seals": 0,
    "lidl_plus": [],
    "regions": [],
    "ians": [
      "7307991"
    ],
    "show_brand": true,
    "deal_of_day_active": false,
    "full_title_meta": "GENIE Aloe napitek",
    "lists": [
      4991
    ],
    "preview": false,
    "category_breadcrumbs": [
      {
        "id": "10068374",
        "name": "Hrana in pijača",
        "url": "/c/hrana-in-pijaca/s10068374",
        "hidden": false
      },
      {
        "id": "10071022",
        "name": "Pijače",
        "url": "/h/pijace/h10071022",
        "hidden": false
      }
    ],
    "campaigns": [
      {
        "id": "Current_Sales_Week",
        "name": "Ta teden",
        "url": null,
        "hidden": false
      },
      {
        "id": "10075258",
        "name": "Tvoja Lidl cena",
        "url": "/c/tvoja-lidl-cena/a10075258",
        "hidden": false
      }
    ],
    "world_of_needs_code": "1720",
    "world_of_needs_name": "Pijače",
    "world_of_needs_parent": "17",
    "is_main_category": true,
    "super_categories": [
      {
        "code": "17",
        "name": "Hrana in bližnja hrana",
        "parent": "0"
      },
      {
        "code": "0",
        "name": "Svetovi potreb",
        "parent": ""
      }
    ],
    "position": 276,
    "tracking_payload": {
      "searchTrackingMasterId": "Product.10082553",
      "searchTrackingTitle": "Aloe+napitek",
      "searchTrackingPageSize": 100,
      "searchTrackingPage": 3,
      "searchTrackingEvent": "click",
      "list": "search",
      "searchTrackingId": "Product.10082553",
      "searchTrackingOrigPos": 1,
      "searchTrackingPos": 276,
      "searchTrackingOrigPageSize": 100,
      "searchTrackingChannel": "SI",
      "category": "Food"
    }
  },
  {
    "code": "10082557",
    "name": "Majoneza DeLight",
    "url": "",
    "result_class": "product",
    "type": "product",
    "product_id": 10082557,
    "erp_number": "10082557",
    "item_id": 10082557,
    "full_title": "THOMY Majoneza DeLight",
    "title": "Majoneza DeLight",
    "category": "Food",
    "product_type": "RETAIL",
    "age_restriction": false,
    "is_used_product": false,
    "multipack": false,
    "online": false,
    "store": false,
    "quick_add_to_cart": false,
    "flash_sales": false,
    "having_videos": false,
    "having_threesixty": false,
    "price": 2.39,
    "old_price": 0.0,
    "currency_code": "EUR",
    "currency_symbol": "€",
    "has_star": true,
    "has_vat": false,
    "price_theme": "white_red",
    "variants_have_different_prices": false,
    "base_price_text": "1 kg = 10.86",
    "base_price_prefix": false,
    "packaging_text": "220 g",
    "discount_deleted_price": null,
    "discount_text": "ZGRABITE PRILOŽNOST!",
    "discount_percentage": null,
    "discount_has_star": false,
    "show_discount": false,
    "show_percentage": false,
    "from_recommended_price": false,
    "availability_indicator": 0,
    "online_available": false,
    "min_orderable_quantity": 1,
    "orderable_quantities": [],
    "badge_texts": [
      "V trgovini od 10.07. do 16.07."
    ],
    "badge_types": [
      "IN_STORE_FROM_FUTURE_DATE_RANGE"
    ],
    "main_image": "https://imgproxy-retcat.assets.schwarz/KkFXzs1qzcxI3yLLYAkuvalLcZMqLEjyJZYU4qTZblI/sm:1/w:427/h:320/cz/M6Ly9wcm9kLWNhd/GFsb2ctbWVkaWEvc2kvMS8wNTc1MjI5QkY2MDdFMTI2MjJBRjAyQjc/zQ0Q4NEI3RThGNDQ2MTQxQzg3NTExRUI3RjEwQzk2RjNBQzNBRTc0LmpwZw.jpg",
    "image_list": [
      "https://imgproxy-retcat.assets.schwarz/KkFXzs1qzcxI3yLLYAkuvalLcZMqLEjyJZYU4qTZblI/sm:1/w:427/h:320/cz/M6Ly9wcm9kLWNhd/GFsb2ctbWVkaWEvc2kvMS8wNTc1MjI5QkY2MDdFMTI2MjJBRjAyQjc/zQ0Q4NEI3RThGNDQ2MTQxQzg3NTExRUI3RjEwQzk2RjNBQzNBRTc0LmpwZw.jpg"
    ],
    "image_accessibility": "Thommy Delight omaka v vrečki.",
    "detailed_images": [
      {
        "url": "https://imgproxy-retcat.assets.schwarz/KkFXzs1qzcxI3yLLYAkuvalLcZMqLEjyJZYU4qTZblI/sm:1/w:427/h:320/cz/M6Ly9wcm9kLWNhd/GFsb2ctbWVkaWEvc2kvMS8wNTc1MjI5QkY2MDdFMTI2MjJBRjAyQjc/zQ0Q4NEI3RThGNDQ2MTQxQzg3NTExRUI3RjEwQzk2RjNBQzNBRTc0LmpwZw.jpg",
        "accessibility": "Thommy Delight omaka v vrečki."
      }
    ],
    "analytics_category": "Food",
    "more_details": "Dodatne podrobnosti o izdelku",
    "won_category_primary": "Svetovi potreb/Hrana in bližnja hrana/Maščobe, olja, kis in konzerve",
    "won_category_primary_path": "0/17/1735",
    "canonical_path": "/p/thomy-majoneza-delight/p10082557",
    "canonical_url": "/p/thomy-majoneza-delight/p10082557",
    "awards": [],
    "seals": [],
    "ribbons": [],
    "highlighted_seals": 0,
    "lidl_plus": [],
    "regions": [],
    "ians": [
      "4857"
    ],
    "show_brand": true,
    "deal_of_day_active": false,
    "full_title_meta": "THOMY Majoneza DeLight",
    "lists": [
      4991
    ],
    "preview": false,
    "category_breadcrumbs": [
      {
        "id": "10068374",
        "name": "Hrana in pijača",
        "url": "/c/hrana-in-pijaca/s10068374",
        "hidden": false
      },
      {
        "id": "10071681",
        "name": "Maščobe, olja, kis in konzerve",
        "url": "/h/mascobe-olja-kis-in-konzerve/h10071681",
        "hidden": false
      }
    ],
    "campaigns": [
      {
        "id": "Current_Sales_Week",
        "name": "Ta teden",
        "url": null,
        "hidden": false
      },
      {
        "id": "10075258",
        "name": "Tvoja Lidl cena",
        "url": "/c/tvoja-lidl-cena/a10075258",
        "hidden": false
      }
    ],
    "world_of_needs_code": "1735",
    "world_of_needs_name": "Maščobe, olja, kis in konzerve",
    "world_of_needs_parent": "17",
    "is_main_category": true,
    "super_categories": [
      {
        "code": "17",
        "name": "Hrana in bližnja hrana",
        "parent": "0"
      },
      {
        "code": "0",
        "name": "Svetovi potreb",
        "parent": ""
      }
    ],
    "position": 277,
    "tracking_payload": {
      "searchTrackingMasterId": "Product.10082557",
      "searchTrackingTitle": "Majoneza+DeLight",
      "searchTrackingPageSize": 100,
      "searchTrackingPage": 3,
      "searchTrackingEvent": "click",
      "list": "search",
      "searchTrackingId": "Product.10082557",
      "searchTrackingOrigPos": 1,
      "searchTrackingPos": 277,
      "searchTrackingOrigPageSize": 100,
      "searchTrackingChannel": "SI",
      "category": "Food"
    }
  },
  {
    "code": "10082549",
    "name": "Koktejl",
    "url": "",
    "result_class": "product",
    "type": "product",
    "product_id": 10082549,
    "erp_number": "10082549",
    "item_id": 10082549,
    "full_title": "ABSOLUT Koktejl",
    "title": "Koktejl",
    "category": "Food",
    "product_type": "RETAIL",
    "age_restriction": false,
    "is_used_product": false,
    "multipack": false,
    "online": false,
    "store": false,
    "quick_add_to_cart": false,
    "flash_sales": false,
    "having_videos": false,
    "having_threesixty": false,
    "price": 1.89,
    "old_price": 0.0,
    "currency_code": "EUR",
    "currency_symbol": "€",
    "has_star": true,
    "has_vat": false,
    "price_theme": "white_red",
    "variants_have_different_prices": false,
    "base_price_text": "1 l = 7.56",
    "base_price_prefix": false,
    "packaging_text": "250 ml",
    "discount_deleted_price": null,
    "discount_text": "ZGRABITE PRILOŽNOST!",
    "discount_percentage": null,
    "discount_has_star": false,
    "show_discount": false,
    "show_percentage": false,
    "from_recommended_price": false,
    "availability_indicator": 0,
    "online_available": false,
    "min_orderable_quantity": 1,
    "orderable_quantities": [],
    "badge_texts": [
      "V trgovini od 10.07. do 16.07."
    ],
    "badge_types": [
      "IN_STORE_FROM_FUTURE_DATE_RANGE"
    ],
    "main_image": "https://imgproxy-retcat.assets.schwarz/AKfekDrfynZX0oJ9DCG9aS90MLbsVYKM6tqBaVMsTnw/sm:1/w:427/h:320/cz/M6Ly9wcm9kLWNhd/GFsb2ctbWVkaWEvc2kvMS9GRUVGRjVDNUMyNkFBMzc2NEIyRTE2NkQ/wMTBCRTU2QjJCRjEzQzdGREJGMTc1RkM5MDExQjFGMUIyRjc5RUFFLmpwZw.jpg",
    "image_list": [
      "https://imgproxy-retcat.assets.schwarz/AKfekDrfynZX0oJ9DCG9aS90MLbsVYKM6tqBaVMsTnw/sm:1/w:427/h:320/cz/M6Ly9wcm9kLWNhd/GFsb2ctbWVkaWEvc2kvMS9GRUVGRjVDNUMyNkFBMzc2NEIyRTE2NkQ/wMTBCRTU2QjJCRjEzQzdGREJGMTc1RkM5MDExQjFGMUIyRjc5RUFFLmpwZw.jpg",
      "https://imgproxy-retcat.assets.schwarz/buNrmR1IMgQISwK0d3Efx6hEwRMIuif9F_spH-L15no/sm:1/w:427/h:320/cz/M6Ly9wcm9kLWNhd/GFsb2ctbWVkaWEvc2kvMS8xRDRDRDQxQ0VCNTAwMjRFQzdFNzQ3MkU/4Q0E4NzI2RDhFMjNCRTYyRDkzNjA3M0FGODM5OUM4MjQ3OTdBQUEzLmpwZw.jpg",
      "https://imgproxy-retcat.assets.schwarz/YbB8hhfZSDEysP1m3fmahyQED-9m7bVfxylmSG-oWdk/sm:1/w:427/h:320/cz/M6Ly9wcm9kLWNhd/GFsb2ctbWVkaWEvc2kvMS84QjE4RkFBMkUyRUU2REMxNDY2NUZFNEM/xNkQ0QTRFOEU1QURBMzI1MTU4MTYwMzU5QjQ2NUZERTNGQTgyQzlELmpwZw.jpg"
    ],
    "image_accessibility": "Dve pločevinki Absolut koktejlov: malina in jagoda.",
    "detailed_images": [
      {
        "url": "https://imgproxy-retcat.assets.schwarz/AKfekDrfynZX0oJ9DCG9aS90MLbsVYKM6tqBaVMsTnw/sm:1/w:427/h:320/cz/M6Ly9wcm9kLWNhd/GFsb2ctbWVkaWEvc2kvMS9GRUVGRjVDNUMyNkFBMzc2NEIyRTE2NkQ/wMTBCRTU2QjJCRjEzQzdGREJGMTc1RkM5MDExQjFGMUIyRjc5RUFFLmpwZw.jpg",
        "accessibility": "Dve pločevinki Absolut koktejlov: malina in jagoda."
      },
      {
        "url": "https://imgproxy-retcat.assets.schwarz/buNrmR1IMgQISwK0d3Efx6hEwRMIuif9F_spH-L15no/sm:1/w:427/h:320/cz/M6Ly9wcm9kLWNhd/GFsb2ctbWVkaWEvc2kvMS8xRDRDRDQxQ0VCNTAwMjRFQzdFNzQ3MkU/4Q0E4NzI2RDhFMjNCRTYyRDkzNjA3M0FGODM5OUM4MjQ3OTdBQUEzLmpwZw.jpg",
        "accessibility": "Absolut Originals Mango Lemonade v pločevinki."
      },
      {
        "url": "https://imgproxy-retcat.assets.schwarz/YbB8hhfZSDEysP1m3fmahyQED-9m7bVfxylmSG-oWdk/sm:1/w:427/h:320/cz/M6Ly9wcm9kLWNhd/GFsb2ctbWVkaWEvc2kvMS84QjE4RkFBMkUyRUU2REMxNDY2NUZFNEM/xNkQ0QTRFOEU1QURBMzI1MTU4MTYwMzU5QjQ2NUZERTNGQTgyQzlELmpwZw.jpg",
        "accessibility": "Absolut Cocktails Strawberry Spritz v pločevinki."
      }
    ],
    "analytics_category": "Food",
    "more_details": "Dodatne podrobnosti o izdelku",
    "won_category_primary": "Svetovi potreb/Vino in žgane pijače/Duhovi/Vodka",
    "won_category_primary_path": "0/10/1011/101115",
    "canonical_path": "/p/absolut-koktejl/p10082549",
    "canonical_url": "/p/absolut-koktejl/p10082549",
    "awards": [],
    "seals": [],
    "ribbons": [],
    "highlighted_seals": 0,
    "lidl_plus": [],
    "regions": [],
    "ians": [
      "7306999"
    ],
    "show_brand": true,
    "deal_of_day_active": false,
    "full_title_meta": "ABSOLUT Koktejl",
    "lists": [
      4991
    ],
    "preview": false,
    "category_breadcrumbs": [
      {
        "id": "10068374",
        "name": "Hrana in pijača",
        "url": "/c/hrana-in-pijaca/s10068374",
        "hidden": false
      },
      {
        "id": "10071687",
        "name": "Vina in žgane pijače",
        "url": "/h/vina-in-zgane-pijace/h10071687",
        "hidden": false
      }
    ],
    "campaigns": [
      {
        "id": "Current_Sales_Week",
        "name": "Ta teden",
        "url": null,
        "hidden": false
      },
      {
        "id": "10075258",
        "name": "Tvoja Lidl cena",
        "url": "/c/tvoja-lidl-cena/a10075258",
        "hidden": false
      }
    ],
    "world_of_needs_code": "101115",
    "world_of_needs_name": "Vodka",
    "world_of_needs_parent": "1011",
    "is_main_category": true,
    "super_categories": [
      {
        "code": "1011",
        "name": "Duhovi",
        "parent": "10"
      },
      {
        "code": "10",
        "name": "Vino in žgane pijače",
        "parent": "0"
      },
      {
        "code": "0",
        "name": "Svetovi potreb",
        "parent": ""
      }
    ],
    "position": 278,
    "tracking_payload": {
      "searchTrackingMasterId": "Product.10082549",
      "searchTrackingTitle": "Koktejl",
      "searchTrackingPageSize": 100,
      "searchTrackingPage": 3,
      "searchTrackingEvent": "click",
      "list": "search",
      "searchTrackingId": "Product.10082549",
      "searchTrackingOrigPos": 1,
      "searchTrackingPos": 278,
      "searchTrackingOrigPageSize": 100,
      "searchTrackingChannel": "SI",
      "category": "Food"
    }
  },
  {
    "code": "10082569",
    "name": "Limonce in penina",
    "url": "",
    "result_class": "product",
    "type": "product",
    "product_id": 10082569,
    "erp_number": "10082569",
    "item_id": 10082569,
    "full_title": "Limonce in penina",
    "title": "Limonce in penina",
    "category": "Food",
    "product_type": "RETAIL",
    "age_restriction": false,
    "is_used_product": false,
    "multipack": false,
    "online": false,
    "store": false,
    "quick_add_to_cart": false,
    "flash_sales": false,
    "having_videos": false,
    "having_threesixty": false,
    "price": 15.99,
    "old_price": 0.0,
    "currency_code": "EUR",
    "currency_symbol": "€",
    "has_star": true,
    "has_vat": false,
    "price_theme": "white_red",
    "variants_have_different_prices": false,
    "base_price_text": null,
    "base_price_prefix": null,
    "packaging_text": "kompl.",
    "discount_deleted_price": null,
    "discount_text": "ZGRABITE PRILOŽNOST!",
    "discount_percentage": null,
    "discount_has_star": false,
    "show_discount": false,
    "show_percentage": false,
    "from_recommended_price": false,
    "availability_indicator": 0,
    "online_available": false,
    "min_orderable_quantity": 1,
    "orderable_quantities": [],
    "badge_texts": [
      "V trgovini od 10.07. do 16.07."
    ],
    "badge_types": [
      "IN_STORE_FROM_FUTURE_DATE_RANGE"
    ],
    "main_image": "https://imgproxy-retcat.assets.schwarz/mr2mQyrQU_N8bmppwz-USmdq3k50Dm5rK0PetmkmiKM/sm:1/w:427/h:320/cz/M6Ly9wcm9kLWNhd/GFsb2ctbWVkaWEvc2kvMS80RjBFQkU4Qjk5NjhGOEE0OTM4MTU5QTN/DMTY5RUNBNkVDRDU0ODZEMzg3MkU4OEVCQzRGNzBDMUYzMkJEQjJFLmpwZw.jpg",
    "image_list": [
      "https://imgproxy-retcat.assets.schwarz/mr2mQyrQU_N8bmppwz-USmdq3k50Dm5rK0PetmkmiKM/sm:1/w:427/h:320/cz/M6Ly9wcm9kLWNhd/GFsb2ctbWVkaWEvc2kvMS80RjBFQkU4Qjk5NjhGOEE0OTM4MTU5QTN/DMTY5RUNBNkVDRDU0ODZEMzg3MkU4OEVCQzRGNzBDMUYzMkJEQjJFLmpwZw.jpg"
    ],
    "image_accessibility": "Steklenica limončela in steklenica penečega vina.",
    "detailed_images": [
      {
        "url": "https://imgproxy-retcat.assets.schwarz/mr2mQyrQU_N8bmppwz-USmdq3k50Dm5rK0PetmkmiKM/sm:1/w:427/h:320/cz/M6Ly9wcm9kLWNhd/GFsb2ctbWVkaWEvc2kvMS80RjBFQkU4Qjk5NjhGOEE0OTM4MTU5QTN/DMTY5RUNBNkVDRDU0ODZEMzg3MkU4OEVCQzRGNzBDMUYzMkJEQjJFLmpwZw.jpg",
        "accessibility": "Steklenica limončela in steklenica penečega vina."
      }
    ],
    "analytics_category": "Food",
    "more_details": "Dodatne podrobnosti o izdelku",
    "won_category_primary": "Svetovi potreb/Hrana in bližnja hrana/Pijače",
    "won_category_primary_path": "0/17/1720",
    "canonical_path": "/p/limonce-in-penina/p10082569",
    "canonical_url": "/p/limonce-in-penina/p10082569",
    "awards": [],
    "seals": [],
    "ribbons": [],
    "highlighted_seals": 0,
    "lidl_plus": [],
    "regions": [],
    "ians": [
      "7308807"
    ],
    "show_brand": false,
    "deal_of_day_active": false,
    "full_title_meta": "Limonce in penina",
    "lists": [
      4991
    ],
    "preview": false,
    "category_breadcrumbs": [
      {
        "id": "10068374",
        "name": "Hrana in pijača",
        "url": "/c/hrana-in-pijaca/s10068374",
        "hidden": false
      },
      {
        "id": "10071022",
        "name": "Pijače",
        "url": "/h/pijace/h10071022",
        "hidden": false
      }
    ],
    "campaigns": [
      {
        "id": "Current_Sales_Week",
        "name": "Ta teden",
        "url": null,
        "hidden": false
      },
      {
        "id": "10075258",
        "name": "Tvoja Lidl cena",
        "url": "/c/tvoja-lidl-cena/a10075258",
        "hidden": false
      }
    ],
    "world_of_needs_code": "1720",
    "world_of_needs_name": "Pijače",
    "world_of_needs_parent": "17",
    "is_main_category": true,
    "super_categories": [
      {
        "code": "17",
        "name": "Hrana in bližnja hrana",
        "parent": "0"
      },
      {
        "code": "0",
        "name": "Svetovi potreb",
        "parent": ""
      }
    ],
    "position": 279,
    "tracking_payload": {
      "searchTrackingMasterId": "Product.10082569",
      "searchTrackingTitle": "Limonce+in+penina",
      "searchTrackingPageSize": 100,
      "searchTrackingPage": 3,
      "searchTrackingEvent": "click",
      "list": "search",
      "searchTrackingId": "Product.10082569",
      "searchTrackingOrigPos": 1,
      "searchTrackingPos": 279,
      "searchTrackingOrigPageSize": 100,
      "searchTrackingChannel": "SI",
      "category": "Food"
    }
  },
  {
    "code": "10082561",
    "name": "Aperol + penina Cinzano",
    "url": "",
    "result_class": "product",
    "type": "product",
    "product_id": 10082561,
    "erp_number": "10082561",
    "item_id": 10082561,
    "full_title": "Aperol + penina Cinzano",
    "title": "Aperol + penina Cinzano",
    "category": "Food",
    "product_type": "RETAIL",
    "age_restriction": false,
    "is_used_product": false,
    "multipack": false,
    "online": false,
    "store": false,
    "quick_add_to_cart": false,
    "flash_sales": false,
    "having_videos": false,
    "having_threesixty": false,
    "price": 16.99,
    "old_price": 0.0,
    "currency_code": "EUR",
    "currency_symbol": "€",
    "has_star": true,
    "has_vat": false,
    "price_theme": "white_red",
    "variants_have_different_prices": false,
    "base_price_text": null,
    "base_price_prefix": null,
    "packaging_text": "kompl.",
    "discount_deleted_price": null,
    "discount_text": "ZGRABITE PRILOŽNOST!",
    "discount_percentage": null,
    "discount_has_star": false,
    "show_discount": false,
    "show_percentage": false,
    "from_recommended_price": false,
    "availability_indicator": 0,
    "online_available": false,
    "min_orderable_quantity": 1,
    "orderable_quantities": [],
    "badge_texts": [
      "V trgovini od 10.07. do 16.07."
    ],
    "badge_types": [
      "IN_STORE_FROM_FUTURE_DATE_RANGE"
    ],
    "main_image": "https://imgproxy-retcat.assets.schwarz/BjRc9YLO0WIT76yEI8zAsbMuUdmDpn5tYLJbuOKKkVk/sm:1/w:427/h:320/cz/M6Ly9wcm9kLWNhd/GFsb2ctbWVkaWEvc2kvMS83NEI3REZCRjNDMjMxRUQyRTI5ODJBOUM/yQkMxOTI2NUYxOUQxNDBBNjk4MEQzNDc3MDM4NTREQ0M0MzBFRDdELmpwZw.jpg",
    "image_list": [
      "https://imgproxy-retcat.assets.schwarz/BjRc9YLO0WIT76yEI8zAsbMuUdmDpn5tYLJbuOKKkVk/sm:1/w:427/h:320/cz/M6Ly9wcm9kLWNhd/GFsb2ctbWVkaWEvc2kvMS83NEI3REZCRjNDMjMxRUQyRTI5ODJBOUM/yQkMxOTI2NUYxOUQxNDBBNjk4MEQzNDc3MDM4NTREQ0M0MzBFRDdELmpwZw.jpg"
    ],
    "image_accessibility": "Aperol Spritz darilni komplet z aperol likerjem in prosecco.",
    "detailed_images": [
      {
        "url": "https://imgproxy-retcat.assets.schwarz/BjRc9YLO0WIT76yEI8zAsbMuUdmDpn5tYLJbuOKKkVk/sm:1/w:427/h:320/cz/M6Ly9wcm9kLWNhd/GFsb2ctbWVkaWEvc2kvMS83NEI3REZCRjNDMjMxRUQyRTI5ODJBOUM/yQkMxOTI2NUYxOUQxNDBBNjk4MEQzNDc3MDM4NTREQ0M0MzBFRDdELmpwZw.jpg",
        "accessibility": "Aperol Spritz darilni komplet z aperol likerjem in prosecco."
      }
    ],
    "analytics_category": "Food",
    "more_details": "Dodatne podrobnosti o izdelku",
    "won_category_primary": "Svetovi potreb/Vino in žgane pijače/Šampanjec, peneče vino & Co./Prosecco",
    "won_category_primary_path": "0/10/1012/101212",
    "canonical_path": "/p/aperol-penina-cinzano/p10082561",
    "canonical_url": "/p/aperol-penina-cinzano/p10082561",
    "awards": [],
    "seals": [],
    "ribbons": [],
    "highlighted_seals": 0,
    "lidl_plus": [],
    "regions": [],
    "ians": [
      "7303756"
    ],
    "show_brand": false,
    "deal_of_day_active": false,
    "full_title_meta": "Aperol + penina Cinzano",
    "lists": [
      4991
    ],
    "preview": false,
    "category_breadcrumbs": [
      {
        "id": "10068374",
        "name": "Hrana in pijača",
        "url": "/c/hrana-in-pijaca/s10068374",
        "hidden": false
      },
      {
        "id": "10071687",
        "name": "Vina in žgane pijače",
        "url": "/h/vina-in-zgane-pijace/h10071687",
        "hidden": false
      }
    ],
    "campaigns": [
      {
        "id": "Current_Sales_Week",
        "name": "Ta teden",
        "url": null,
        "hidden": false
      },
      {
        "id": "10075258",
        "name": "Tvoja Lidl cena",
        "url": "/c/tvoja-lidl-cena/a10075258",
        "hidden": false
      }
    ],
    "world_of_needs_code": "101212",
    "world_of_needs_name": "Prosecco",
    "world_of_needs_parent": "1012",
    "is_main_category": true,
    "super_categories": [
      {
        "code": "1012",
        "name": "Šampanjec, peneče vino & Co.",
        "parent": "10"
      },
      {
        "code": "10",
        "name": "Vino in žgane pijače",
        "parent": "0"
      },
      {
        "code": "0",
        "name": "Svetovi potreb",
        "parent": ""
      }
    ],
    "position": 280,
    "tracking_payload": {
      "searchTrackingMasterId": "Product.10082561",
      "searchTrackingTitle": "Aperol+%2B+penina+Cinzano",
      "searchTrackingPageSize": 100,
      "searchTrackingPage": 3,
      "searchTrackingEvent": "click",
      "list": "search",
      "searchTrackingId": "Product.10082561",
      "searchTrackingOrigPos": 1,
      "searchTrackingPos": 280,
      "searchTrackingOrigPageSize": 100,
      "searchTrackingChannel": "SI",
      "category": "Food"
    }
  },
  {
    "code": "10082565",
    "name": "Zelenjavna mešanica",
    "url": "",
    "result_class": "product",
    "type": "product",
    "product_id": 10082565,
    "erp_number": "10082565",
    "item_id": 10082565,
    "full_title": "FRESHONA Zelenjavna mešanica",
    "title": "Zelenjavna mešanica",
    "category": "Food",
    "product_type": "RETAIL",
    "age_restriction": false,
    "is_used_product": false,
    "multipack": false,
    "online": false,
    "store": false,
    "quick_add_to_cart": false,
    "flash_sales": false,
    "having_videos": false,
    "having_threesixty": false,
    "price": null,
    "old_price": null,
    "currency_code": "EUR",
    "currency_symbol": "€",
    "has_star": true,
    "has_vat": false,
    "price_theme": null,
    "variants_have_different_prices": false,
    "base_price_text": null,
    "base_price_prefix": null,
    "packaging_text": null,
    "discount_deleted_price": null,
    "discount_text": null,
    "discount_percentage": null,
    "discount_has_star": null,
    "show_discount": null,
    "show_percentage": null,
    "from_recommended_price": null,
    "availability_indicator": 0,
    "online_available": false,
    "min_orderable_quantity": 1,
    "orderable_quantities": [],
    "badge_texts": [
      "V trgovini od 10.07. do 16.07."
    ],
    "badge_types": [
      "IN_STORE_FROM_FUTURE_DATE_RANGE"
    ],
    "main_image": "https://imgproxy-retcat.assets.schwarz/gB1lcpdzv3h1sruAArRAsrx7hp1mRvVwM8RkT316OG4/sm:1/w:427/h:320/cz/M6Ly9wcm9kLWNhd/GFsb2ctbWVkaWEvc2kvMS9FNEExMkMzODE0NDQ1NTE1RUNBMkY0ODE/2QTFBOTUxOTYwMkJGQTMyMzYxRDdCNzgzRDNGOUM0NTQyQUM3NzE3LmpwZw.jpg",
    "image_list": [
      "https://imgproxy-retcat.assets.schwarz/gB1lcpdzv3h1sruAArRAsrx7hp1mRvVwM8RkT316OG4/sm:1/w:427/h:320/cz/M6Ly9wcm9kLWNhd/GFsb2ctbWVkaWEvc2kvMS9FNEExMkMzODE0NDQ1NTE1RUNBMkY0ODE/2QTFBOTUxOTYwMkJGQTMyMzYxRDdCNzgzRDNGOUM0NTQyQUM3NzE3LmpwZw.jpg"
    ],
    "image_accessibility": "Zamrznjena mešanica zelenjave Frosta.",
    "detailed_images": [
      {
        "url": "https://imgproxy-retcat.assets.schwarz/gB1lcpdzv3h1sruAArRAsrx7hp1mRvVwM8RkT316OG4/sm:1/w:427/h:320/cz/M6Ly9wcm9kLWNhd/GFsb2ctbWVkaWEvc2kvMS9FNEExMkMzODE0NDQ1NTE1RUNBMkY0ODE/2QTFBOTUxOTYwMkJGQTMyMzYxRDdCNzgzRDNGOUM0NTQyQUM3NzE3LmpwZw.jpg",
        "accessibility": "Zamrznjena mešanica zelenjave Frosta."
      }
    ],
    "analytics_category": "Food",
    "more_details": "Dodatne podrobnosti o izdelku",
    "won_category_primary": "Svetovi potreb/Hrana in bližnja hrana/Zamrznjena hrana (Zamrznjena hrana)",
    "won_category_primary_path": "0/17/1716",
    "canonical_path": "/p/freshona-zelenjavna-mesanica/p10082565",
    "canonical_url": "/p/freshona-zelenjavna-mesanica/p10082565",
    "awards": [],
    "seals": [
      {
        "altText": "Logotip Lidl Plus",
        "image": "https://imgproxy-retcat.assets.schwarz/DjNLhjIEpHeUFO-WYf3wploAS16YAf6tVgt5EMshyFs/sm:1/w:140/cz/M6Ly9wcm9kLWNhd/GFsb2ctbWVkaWEvc2kvMi9BMEU2QkJCNEZCQTZENzlEQ0MzRDRFOEM/2REREODBCRjMwQUNFQjJBMDBGREI4RjI1M0Y3MDYzOTFFMTg3RUVGLnBuZw.png"
      },
      {
        "altText": "Znak: Zamrznjeno",
        "image": "https://imgproxy-retcat.assets.schwarz/ayWyw20LfIYJzOhoc4KvR8G0z3S3CSGFD0vHUIK3dgY/sm:1/w:140/cz/M6Ly9wcm9kLWNhd/GFsb2ctbWVkaWEvc2kvMi81NkZCNjYzMzA5NkRFMERFNzUzNEI1ODY/xRDQ4Q0MxRTkxQkUzNUMxOTBGNTAyMURGMjJGODEyQzk0ODhCNTYwLnBuZw.png"
      }
    ],
    "ribbons": [],
    "highlighted_seals": 0,
    "lidl_plus": [
      {
        "price": {
          "basePrice": {
            "prefix": false,
            "text": "1 kg = 3.09"
          },
          "discount": {
            "deletedPrice": 1.99,
            "discountHasStar": false,
            "discountText": "- 30 %",
            "fromRecommendedPrice": false,
            "showDiscount": true,
            "showFrom": false,
            "showPercentage": true,
            "showUpTo": false
          },
          "displayedCurrency": "€",
          "hasStar": true,
          "hasVat": false,
          "oldPrice": 1.99,
          "packaging": {
            "text": "450 g"
          },
          "price": 1.39,
          "priceTheme": "red_yellow",
          "specialTaxes": []
        },
        "lidlPlusText": "z Lidl Plus",
        "highlightText": "- 30 %"
      }
    ],
    "regions": [],
    "ians": [
      "6000103"
    ],
    "show_brand": true,
    "deal_of_day_active": false,
    "full_title_meta": "FRESHONA Zelenjavna mešanica",
    "lists": [
      4991
    ],
    "preview": false,
    "category_breadcrumbs": [
      {
        "id": "10068374",
        "name": "Hrana in pijača",
        "url": "/c/hrana-in-pijaca/s10068374",
        "hidden": false
      },
      {
        "id": "10071049",
        "name": "Zamrznjena hrana",
        "url": "/h/zamrznjena-hrana/h10071049",
        "hidden": false
      }
    ],
    "campaigns": [
      {
        "id": "Current_Sales_Week",
        "name": "Ta teden",
        "url": null,
        "hidden": false
      },
      {
        "id": "10024188",
        "name": "Lidl Plus",
        "url": "/c/lidl-plus/a10024188",
        "hidden": false
      }
    ],
    "world_of_needs_code": "1716",
    "world_of_needs_name": "Zamrznjena hrana (Zamrznjena hrana)",
    "world_of_needs_parent": "17",
    "is_main_category": true,
    "super_categories": [
      {
        "code": "17",
        "name": "Hrana in bližnja hrana",
        "parent": "0"
      },
      {
        "code": "0",
        "name": "Svetovi potreb",
        "parent": ""
      }
    ],
    "position": 281,
    "tracking_payload": {
      "searchTrackingMasterId": "Product.10082565",
      "searchTrackingTitle": "Zelenjavna+me%C5%A1anica",
      "searchTrackingPageSize": 100,
      "searchTrackingPage": 3,
      "searchTrackingEvent": "click",
      "list": "search",
      "searchTrackingId": "Product.10082565",
      "searchTrackingOrigPos": 1,
      "searchTrackingPos": 281,
      "searchTrackingOrigPageSize": 100,
      "searchTrackingChannel": "SI",
      "category": "Food"
    }
  },
  {
    "code": "10082573",
    "name": "Sveža piščančja nabodala/nabodalca XXL",
    "url": "",
    "result_class": "product",
    "type": "product",
    "product_id": 10082573,
    "erp_number": "10082573",
    "item_id": 10082573,
    "full_title": "ŽAR LEGENDE Sveža piščančja nabodala/nabodalca XXL",
    "title": "Sveža piščančja nabodala/nabodalca XXL",
    "category": "Food",
    "product_type": "RETAIL",
    "age_restriction": false,
    "is_used_product": false,
    "multipack": false,
    "online": false,
    "store": false,
    "quick_add_to_cart": false,
    "flash_sales": false,
    "having_videos": false,
    "having_threesixty": false,
    "price": 3.99,
    "old_price": 0.0,
    "currency_code": "EUR",
    "currency_symbol": "€",
    "has_star": true,
    "has_vat": false,
    "price_theme": "white_red",
    "variants_have_different_prices": false,
    "base_price_text": "1 kg = 8.31",
    "base_price_prefix": false,
    "packaging_text": "480 g",
    "discount_deleted_price": null,
    "discount_text": "+ 20% GRATIS!**",
    "discount_percentage": null,
    "discount_has_star": false,
    "show_discount": false,
    "show_percentage": false,
    "from_recommended_price": false,
    "availability_indicator": 0,
    "online_available": false,
    "min_orderable_quantity": 1,
    "orderable_quantities": [],
    "badge_texts": [
      "V trgovini od 10.07. do 16.07."
    ],
    "badge_types": [
      "IN_STORE_FROM_FUTURE_DATE_RANGE"
    ],
    "main_image": "https://imgproxy-retcat.assets.schwarz/2CHmexTWj2Ym-W2IGFP0cW9ENGdMJvyh3UTrqE-JNo8/sm:1/w:427/h:320/cz/M6Ly9wcm9kLWNhd/GFsb2ctbWVkaWEvc2kvMS8zNUM2RTFBNzM5MTM2RDJFRjAxQzExODQ/yMTJFOTY1RTg1NjM2MkU3NEY1MjZENkY1RTVDQjQ3QURCMjMyOTlGLmpwZw.jpg",
    "image_list": [
      "https://imgproxy-retcat.assets.schwarz/2CHmexTWj2Ym-W2IGFP0cW9ENGdMJvyh3UTrqE-JNo8/sm:1/w:427/h:320/cz/M6Ly9wcm9kLWNhd/GFsb2ctbWVkaWEvc2kvMS8zNUM2RTFBNzM5MTM2RDJFRjAxQzExODQ/yMTJFOTY1RTg1NjM2MkU3NEY1MjZENkY1RTVDQjQ3QURCMjMyOTlGLmpwZw.jpg",
      "https://imgproxy-retcat.assets.schwarz/5J6x_eCOStyGQgCU__5UhlP61u1x-ndI26W18y61vHI/sm:1/w:427/h:320/cz/M6Ly9wcm9kLWNhd/GFsb2ctbWVkaWEvc2kvMS8zRjc0NDc0QzUzODJGNEE0RjgzMTRCQUN/EOTUxODFCQkExREJGRERCMzI1MkY2OTMwN0REQjNCQjE1QkFFNzk0LmpwZw.jpg",
      "https://imgproxy-retcat.assets.schwarz/VsLWdmgdJy-fVucBvJhICx3_J-odzijFYPZT1uxFiuw/sm:1/w:427/h:320/cz/M6Ly9wcm9kLWNhd/GFsb2ctbWVkaWEvc2kvMS8zMjkxMTI2RkIxRTE5MTIxRkQ5QTc5N0N/BNUJDRjRCMENERTIyRjc2QTIxNzQ5QjVFNUNCMUMwMjVGRTU1NUY0LmpwZw.jpg"
    ],
    "image_accessibility": "Dva paketa mariniranih piščančjih filejev za žar s priloženim žarom.",
    "detailed_images": [
      {
        "url": "https://imgproxy-retcat.assets.schwarz/2CHmexTWj2Ym-W2IGFP0cW9ENGdMJvyh3UTrqE-JNo8/sm:1/w:427/h:320/cz/M6Ly9wcm9kLWNhd/GFsb2ctbWVkaWEvc2kvMS8zNUM2RTFBNzM5MTM2RDJFRjAxQzExODQ/yMTJFOTY1RTg1NjM2MkU3NEY1MjZENkY1RTVDQjQ3QURCMjMyOTlGLmpwZw.jpg",
        "accessibility": "Dva paketa mariniranih piščančjih filejev za žar s priloženim žarom."
      },
      {
        "url": "https://imgproxy-retcat.assets.schwarz/5J6x_eCOStyGQgCU__5UhlP61u1x-ndI26W18y61vHI/sm:1/w:427/h:320/cz/M6Ly9wcm9kLWNhd/GFsb2ctbWVkaWEvc2kvMS8zRjc0NDc0QzUzODJGNEE0RjgzMTRCQUN/EOTUxODFCQkExREJGRERCMzI1MkY2OTMwN0REQjNCQjE1QkFFNzk0LmpwZw.jpg",
        "accessibility": "Pakirani piščančji ražnjiči Perutnina Ptuj na črnem pekaču."
      },
      {
        "url": "https://imgproxy-retcat.assets.schwarz/VsLWdmgdJy-fVucBvJhICx3_J-odzijFYPZT1uxFiuw/sm:1/w:427/h:320/cz/M6Ly9wcm9kLWNhd/GFsb2ctbWVkaWEvc2kvMS8zMjkxMTI2RkIxRTE5MTIxRkQ5QTc5N0N/BNUJDRjRCMENERTIyRjc2QTIxNzQ5QjVFNUNCMUMwMjVGRTU1NUY0LmpwZw.jpg",
        "accessibility": "Pakiranje piščančjih ražnjičev Droga Kolinska na črnem pekaču."
      }
    ],
    "analytics_category": "Food",
    "more_details": "Dodatne podrobnosti o izdelku",
    "won_category_primary": "Svetovi potreb/Hrana in bližnja hrana/Klobase in meso",
    "won_category_primary_path": "0/17/1717",
    "canonical_path": "/p/zar-legende-sveza-piscancja-nabodala-nabodalca-xxl/p10082573",
    "canonical_url": "/p/zar-legende-sveza-piscancja-nabodala-nabodalca-xxl/p10082573",
    "awards": [],
    "seals": [
      {
        "altText": "Nalepka: IZBRANA KAKOVOST, dva diamanti",
        "image": "https://imgproxy-retcat.assets.schwarz/wtd5_GfhfuyCgNwAfOv49gnGT4Rn6TY8NjywUVGixAk/sm:1/w:140/cz/M6Ly9wcm9kLWNhd/GFsb2ctbWVkaWEvc2kvMi9ERjg3RTE1MjgwMUFGRjI2RTRDNEZCMTc/zMkQ1NjRFODNBNzZEN0IxNUQ5MDY2Q0U4RDAxMEY5MTUzMzkyQjRCLnBuZw.png"
      }
    ],
    "ribbons": [],
    "highlighted_seals": 0,
    "lidl_plus": [],
    "regions": [],
    "ians": [
      "7300642"
    ],
    "show_brand": true,
    "deal_of_day_active": false,
    "full_title_meta": "ŽAR LEGENDE Sveža piščančja nabodala/nabodalca XXL",
    "lists": [
      4991
    ],
    "preview": false,
    "category_breadcrumbs": [
      {
        "id": "10068374",
        "name": "Hrana in pijača",
        "url": "/c/hrana-in-pijaca/s10068374",
        "hidden": false
      },
      {
        "id": "10071016",
        "name": "Meso in mesni izdelki",
        "url": "/h/meso-in-mesni-izdelki/h10071016",
        "hidden": false
      }
    ],
    "campaigns": [
      {
        "id": "Current_Sales_Week",
        "name": "Ta teden",
        "url": null,
        "hidden": false
      },
      {
        "id": "10075258",
        "name": "Tvoja Lidl cena",
        "url": "/c/tvoja-lidl-cena/a10075258",
        "hidden": false
      }
    ],
    "world_of_needs_code": "1717",
    "world_of_needs_name": "Klobase in meso",
    "world_of_needs_parent": "17",
    "is_main_category": true,
    "super_categories": [
      {
        "code": "17",
        "name": "Hrana in bližnja hrana",
        "parent": "0"
      },
      {
        "code": "0",
        "name": "Svetovi potreb",
        "parent": ""
      }
    ],
    "position": 282,
    "tracking_payload": {
      "searchTrackingMasterId": "Product.10082573",
      "searchTrackingTitle": "Sve%C5%BEa+pi%C5%A1%C4%8Dan%C4%8Dja+nabodala%2Fnabodalca+XXL",
      "searchTrackingPageSize": 100,
      "searchTrackingPage": 3,
      "searchTrackingEvent": "click",
      "list": "search",
      "searchTrackingId": "Product.10082573",
      "searchTrackingOrigPos": 1,
      "searchTrackingPos": 282,
      "searchTrackingOrigPageSize": 100,
      "searchTrackingChannel": "SI",
      "category": "Food"
    }
  },
  {
    "code": "10076963",
    "name": "Ora XXL, 2 l",
    "url": "",
    "result_class": "product",
    "type": "product",
    "product_id": 10076963,
    "erp_number": "10076963",
    "item_id": 10076963,
    "full_title": "Ora XXL, 2 l",
    "title": "Ora XXL, 2 l ",
    "category": "Food",
    "product_type": "RETAIL",
    "age_restriction": false,
    "is_used_product": false,
    "multipack": false,
    "online": false,
    "store": false,
    "quick_add_to_cart": false,
    "flash_sales": false,
    "having_videos": false,
    "having_threesixty": false,
    "price": 1.39,
    "old_price": 0.0,
    "currency_code": "EUR",
    "currency_symbol": "€",
    "has_star": true,
    "has_vat": false,
    "price_theme": "white_red",
    "variants_have_different_prices": false,
    "base_price_text": "1 l = 0.70",
    "base_price_prefix": false,
    "packaging_text": "2 l",
    "discount_deleted_price": null,
    "discount_text": "0,5 l GRATIS!**",
    "discount_percentage": null,
    "discount_has_star": false,
    "show_discount": false,
    "show_percentage": false,
    "from_recommended_price": false,
    "availability_indicator": 0,
    "online_available": false,
    "min_orderable_quantity": 1,
    "orderable_quantities": [],
    "badge_texts": [
      "V trgovini od 10.07. do 16.07."
    ],
    "badge_types": [
      "IN_STORE_FROM_FUTURE_DATE_RANGE"
    ],
    "main_image": "https://imgproxy-retcat.assets.schwarz/qJu5EJtVptSxzIvyF0-bTjdmk31QKyYMB5n6yXLZfuI/sm:1/w:427/h:320/cz/M6Ly9wcm9kLWNhd/GFsb2ctbWVkaWEvc2kvMS85OUQ0MUNCQjI1RjBFOTJDNTNGQ0U4NDE/wM0UxNkIxQzg2QUI2Mjk2ODMwQjAxODk2Q0UyNzNDOTM0MEJDNThFLmpwZw.jpg",
    "image_list": [
      "https://imgproxy-retcat.assets.schwarz/qJu5EJtVptSxzIvyF0-bTjdmk31QKyYMB5n6yXLZfuI/sm:1/w:427/h:320/cz/M6Ly9wcm9kLWNhd/GFsb2ctbWVkaWEvc2kvMS85OUQ0MUNCQjI1RjBFOTJDNTNGQ0U4NDE/wM0UxNkIxQzg2QUI2Mjk2ODMwQjAxODk2Q0UyNzNDOTM0MEJDNThFLmpwZw.jpg"
    ],
    "image_accessibility": "Oya pomarančni sok v PET steklenici.",
    "detailed_images": [
      {
        "url": "https://imgproxy-retcat.assets.schwarz/qJu5EJtVptSxzIvyF0-bTjdmk31QKyYMB5n6yXLZfuI/sm:1/w:427/h:320/cz/M6Ly9wcm9kLWNhd/GFsb2ctbWVkaWEvc2kvMS85OUQ0MUNCQjI1RjBFOTJDNTNGQ0U4NDE/wM0UxNkIxQzg2QUI2Mjk2ODMwQjAxODk2Q0UyNzNDOTM0MEJDNThFLmpwZw.jpg",
        "accessibility": "Oya pomarančni sok v PET steklenici."
      }
    ],
    "analytics_category": "Food",
    "more_details": "Dodatne podrobnosti o izdelku",
    "won_category_primary": "Svetovi potreb/Hrana in bližnja hrana/Pijače",
    "won_category_primary_path": "0/17/1720",
    "canonical_path": "/p/ora-xxl-2-l/p10076963",
    "canonical_url": "/p/ora-xxl-2-l/p10076963",
    "awards": [],
    "seals": [
      {
        "altText": "Slovenski izdelek",
        "image": "https://imgproxy-retcat.assets.schwarz/065GlWscfuyzRNlqdEjgEaZNE6893872XSglFaanlJA/sm:1/w:140/cz/M6Ly9wcm9kLWNhd/GFsb2ctbWVkaWEvc2kvMi83RTk4NkYyRDk1MTlDRUJBNzA1N0JGMzA/1QjA1NjUyRjVCMjMzNzZGRjY4MzVEREFGQzIwQzE5NDVFQUE5M0RCLnBuZw.png"
      }
    ],
    "ribbons": [],
    "highlighted_seals": 0,
    "lidl_plus": [],
    "regions": [],
    "ians": [
      "7302480"
    ],
    "show_brand": false,
    "deal_of_day_active": false,
    "full_title_meta": "Ora XXL, 2 l",
    "lists": [
      4991
    ],
    "preview": false,
    "category_breadcrumbs": [
      {
        "id": "10068374",
        "name": "Hrana in pijača",
        "url": "/c/hrana-in-pijaca/s10068374",
        "hidden": false
      },
      {
        "id": "10071022",
        "name": "Pijače",
        "url": "/h/pijace/h10071022",
        "hidden": false
      }
    ],
    "campaigns": [
      {
        "id": "Current_Sales_Week",
        "name": "Ta teden",
        "url": null,
        "hidden": false
      },
      {
        "id": "10075258",
        "name": "Tvoja Lidl cena",
        "url": "/c/tvoja-lidl-cena/a10075258",
        "hidden": false
      }
    ],
    "world_of_needs_code": "1720",
    "world_of_needs_name": "Pijače",
    "world_of_needs_parent": "17",
    "is_main_category": true,
    "super_categories": [
      {
        "code": "17",
        "name": "Hrana in bližnja hrana",
        "parent": "0"
      },
      {
        "code": "0",
        "name": "Svetovi potreb",
        "parent": ""
      }
    ],
    "position": 283,
    "tracking_payload": {
      "searchTrackingMasterId": "Product.10076963",
      "searchTrackingTitle": "Ora+XXL%2C+2+l",
      "searchTrackingPageSize": 100,
      "searchTrackingPage": 3,
      "searchTrackingEvent": "click",
      "list": "search",
      "searchTrackingId": "Product.10076963",
      "searchTrackingOrigPos": 1,
      "searchTrackingPos": 283,
      "searchTrackingOrigPageSize": 100,
      "searchTrackingChannel": "SI",
      "category": "Food"
    }
  },
  {
    "code": "10079742",
    "name": "Coca Cola Regular/Coca Cola Zero/Fanta",
    "url": "",
    "result_class": "product",
    "type": "product",
    "product_id": 10079742,
    "erp_number": "10079742",
    "item_id": 10079742,
    "full_title": "Coca Cola Regular/Coca Cola Zero/Fanta",
    "title": "Coca Cola Regular/Coca Cola Zero/Fanta",
    "category": "Food",
    "product_type": "RETAIL",
    "age_restriction": false,
    "is_used_product": false,
    "multipack": false,
    "online": false,
    "store": false,
    "quick_add_to_cart": false,
    "flash_sales": false,
    "having_videos": false,
    "having_threesixty": false,
    "price": 3.49,
    "old_price": 0.0,
    "currency_code": "EUR",
    "currency_symbol": "€",
    "has_star": true,
    "has_vat": false,
    "price_theme": "white_red",
    "variants_have_different_prices": false,
    "base_price_text": "1 l = 1.76",
    "base_price_prefix": false,
    "packaging_text": "6 x 0,33 l",
    "discount_deleted_price": null,
    "discount_text": "ZGRABITE PRILOŽNOST!",
    "discount_percentage": null,
    "discount_has_star": false,
    "show_discount": false,
    "show_percentage": false,
    "from_recommended_price": false,
    "availability_indicator": 0,
    "online_available": false,
    "min_orderable_quantity": 1,
    "orderable_quantities": [],
    "badge_texts": [
      "V trgovini od 10.07. do 16.07."
    ],
    "badge_types": [
      "IN_STORE_FROM_FUTURE_DATE_RANGE"
    ],
    "main_image": "https://imgproxy-retcat.assets.schwarz/v-Sb-r76IMIuUB0YOygta9Zzi4XQ7UFk6_sE_4kuQtk/sm:1/w:427/h:320/cz/M6Ly9wcm9kLWNhd/GFsb2ctbWVkaWEvc2kvMS83Rjc0RjhEQTYxNjlGQzFBQzc4RThEQkM/4QTA4NDc5QzdGMTkwRDYxMEYwQzE3RDlGODczN0JENEVGQkZEQ0RFLmpwZw.jpg",
    "image_list": [
      "https://imgproxy-retcat.assets.schwarz/v-Sb-r76IMIuUB0YOygta9Zzi4XQ7UFk6_sE_4kuQtk/sm:1/w:427/h:320/cz/M6Ly9wcm9kLWNhd/GFsb2ctbWVkaWEvc2kvMS83Rjc0RjhEQTYxNjlGQzFBQzc4RThEQkM/4QTA4NDc5QzdGMTkwRDYxMEYwQzE3RDlGODczN0JENEVGQkZEQ0RFLmpwZw.jpg",
      "https://imgproxy-retcat.assets.schwarz/6AEf0dg5Wg96rR4GMVGc8nKtOJydtj_Opyb8pOI-B44/sm:1/w:427/h:320/cz/M6Ly9wcm9kLWNhd/GFsb2ctbWVkaWEvc2kvMS8yOUQ5RTlGMzRDM0Y2RDA3REM3MzNEMkQ/1MDc5RTY0QzZGQTcyQzI1NUEzNUE5QzIwNDE1NDI4NzM0MUJGMjhFLmpwZw.jpg",
      "https://imgproxy-retcat.assets.schwarz/4BzMNT1KezHdoAHvQ9Y3ASCxLqw1HsuYEVoi-chJV90/sm:1/w:427/h:320/cz/M6Ly9wcm9kLWNhd/GFsb2ctbWVkaWEvc2kvMS9GQkExNTgwREYzMzRGM0YwNEQ4RURCMkM/1MEY5NkU1NzRFNjU0NTZGRDZCMEU3MUVFRkI1MENENDRCQkNGRDA5LmpwZw.jpg"
    ],
    "image_accessibility": "Dve škatli pijač: Coca-Cola in Fanta.",
    "detailed_images": [
      {
        "url": "https://imgproxy-retcat.assets.schwarz/v-Sb-r76IMIuUB0YOygta9Zzi4XQ7UFk6_sE_4kuQtk/sm:1/w:427/h:320/cz/M6Ly9wcm9kLWNhd/GFsb2ctbWVkaWEvc2kvMS83Rjc0RjhEQTYxNjlGQzFBQzc4RThEQkM/4QTA4NDc5QzdGMTkwRDYxMEYwQzE3RDlGODczN0JENEVGQkZEQ0RFLmpwZw.jpg",
        "accessibility": "Dve škatli pijač: Coca-Cola in Fanta."
      },
      {
        "url": "https://imgproxy-retcat.assets.schwarz/6AEf0dg5Wg96rR4GMVGc8nKtOJydtj_Opyb8pOI-B44/sm:1/w:427/h:320/cz/M6Ly9wcm9kLWNhd/GFsb2ctbWVkaWEvc2kvMS8yOUQ5RTlGMzRDM0Y2RDA3REM3MzNEMkQ/1MDc5RTY0QzZGQTcyQzI1NUEzNUE5QzIwNDE1NDI4NzM0MUJGMjhFLmpwZw.jpg",
        "accessibility": "Šest pločevink Coca-Cole v kartonski embalaži."
      },
      {
        "url": "https://imgproxy-retcat.assets.schwarz/4BzMNT1KezHdoAHvQ9Y3ASCxLqw1HsuYEVoi-chJV90/sm:1/w:427/h:320/cz/M6Ly9wcm9kLWNhd/GFsb2ctbWVkaWEvc2kvMS9GQkExNTgwREYzMzRGM0YwNEQ4RURCMkM/1MEY5NkU1NzRFNjU0NTZGRDZCMEU3MUVFRkI1MENENDRCQkNGRDA5LmpwZw.jpg",
        "accessibility": "Šest pločevink Fanta sode v oranžni barvi."
      }
    ],
    "analytics_category": "Food",
    "more_details": "Dodatne podrobnosti o izdelku",
    "won_category_primary": "Svetovi potreb/Hrana in bližnja hrana/Pijače",
    "won_category_primary_path": "0/17/1720",
    "canonical_path": "/p/coca-cola-regular-coca-cola-zero-fanta/p10079742",
    "canonical_url": "/p/coca-cola-regular-coca-cola-zero-fanta/p10079742",
    "awards": [],
    "seals": [],
    "ribbons": [],
    "highlighted_seals": 0,
    "lidl_plus": [],
    "regions": [],
    "ians": [
      "8846"
    ],
    "show_brand": false,
    "deal_of_day_active": false,
    "full_title_meta": "Coca Cola Regular/Coca Cola Zero/Fanta",
    "lists": [
      4991
    ],
    "preview": false,
    "category_breadcrumbs": [
      {
        "id": "10068374",
        "name": "Hrana in pijača",
        "url": "/c/hrana-in-pijaca/s10068374",
        "hidden": false
      },
      {
        "id": "10071022",
        "name": "Pijače",
        "url": "/h/pijace/h10071022",
        "hidden": false
      }
    ],
    "campaigns": [
      {
        "id": "Current_Sales_Week",
        "name": "Ta teden",
        "url": null,
        "hidden": false
      },
      {
        "id": "10075258",
        "name": "Tvoja Lidl cena",
        "url": "/c/tvoja-lidl-cena/a10075258",
        "hidden": false
      }
    ],
    "world_of_needs_code": "1720",
    "world_of_needs_name": "Pijače",
    "world_of_needs_parent": "17",
    "is_main_category": true,
    "super_categories": [
      {
        "code": "17",
        "name": "Hrana in bližnja hrana",
        "parent": "0"
      },
      {
        "code": "0",
        "name": "Svetovi potreb",
        "parent": ""
      }
    ],
    "position": 284,
    "tracking_payload": {
      "searchTrackingMasterId": "Product.10079742",
      "searchTrackingTitle": "Coca+Cola+Regular%2FCoca+Cola+Zero%2FFanta",
      "searchTrackingPageSize": 100,
      "searchTrackingPage": 3,
      "searchTrackingEvent": "click",
      "list": "search",
      "searchTrackingId": "Product.10079742",
      "searchTrackingOrigPos": 1,
      "searchTrackingPos": 284,
      "searchTrackingOrigPageSize": 100,
      "searchTrackingChannel": "SI",
      "category": "Food"
    }
  },
  {
    "code": "10082551",
    "name": "Vodeni sladoled",
    "url": "",
    "result_class": "product",
    "type": "product",
    "product_id": 10082551,
    "erp_number": "10082551",
    "item_id": 10082551,
    "full_title": "SUNQUICK Vodeni sladoled",
    "title": "Vodeni sladoled",
    "category": "Food",
    "product_type": "RETAIL",
    "age_restriction": false,
    "is_used_product": false,
    "multipack": false,
    "online": false,
    "store": false,
    "quick_add_to_cart": false,
    "flash_sales": false,
    "having_videos": false,
    "having_threesixty": false,
    "price": 2.99,
    "old_price": 0.0,
    "currency_code": "EUR",
    "currency_symbol": "€",
    "has_star": true,
    "has_vat": false,
    "price_theme": "white_red",
    "variants_have_different_prices": false,
    "base_price_text": "1 l = 6.23",
    "base_price_prefix": false,
    "packaging_text": "8 x 60 ml",
    "discount_deleted_price": null,
    "discount_text": "ZGRABITE PRILOŽNOST!",
    "discount_percentage": null,
    "discount_has_star": false,
    "show_discount": false,
    "show_percentage": false,
    "from_recommended_price": false,
    "availability_indicator": 0,
    "online_available": false,
    "min_orderable_quantity": 1,
    "orderable_quantities": [],
    "badge_texts": [
      "V trgovini od 10.07. do 16.07."
    ],
    "badge_types": [
      "IN_STORE_FROM_FUTURE_DATE_RANGE"
    ],
    "main_image": "https://imgproxy-retcat.assets.schwarz/HmC6GDXynm5nn2nNUmZcCgwn7SNc2M3mvbSPOR-T8LU/sm:1/w:427/h:320/cz/M6Ly9wcm9kLWNhd/GFsb2ctbWVkaWEvc2kvMS82NUVGOTA1QzFFOTFENUZFN0I2QUM5NTl/DNzQxNDJEQTE2RTQ1QTZEMjkyODk5MDM0RTI1M0NBQUU3NTgwQkRFLmpwZw.jpg",
    "image_list": [
      "https://imgproxy-retcat.assets.schwarz/HmC6GDXynm5nn2nNUmZcCgwn7SNc2M3mvbSPOR-T8LU/sm:1/w:427/h:320/cz/M6Ly9wcm9kLWNhd/GFsb2ctbWVkaWEvc2kvMS82NUVGOTA1QzFFOTFENUZFN0I2QUM5NTl/DNzQxNDJEQTE2RTQ1QTZEMjkyODk5MDM0RTI1M0NBQUU3NTgwQkRFLmpwZw.jpg",
      "https://imgproxy-retcat.assets.schwarz/majuUgrrJp7CF2Phr3JH2Q9MsbK_kvJfTxuMRi0G7DQ/sm:1/w:427/h:320/cz/M6Ly9wcm9kLWNhd/GFsb2ctbWVkaWEvc2kvMS9DNkRDNTdCNEQ1RUUzQTMwMkJCQTlBMTk/zMjhGNzFDM0RFNTVFMTI2NzIzODAwNzBFQzExODMyRUFEODBFM0Q3LmpwZw.jpg",
      "https://imgproxy-retcat.assets.schwarz/ze2oI3wjaTG92GngWIZ8NYBPInziB8bCmHM6arkSlHk/sm:1/w:427/h:320/cz/M6Ly9wcm9kLWNhd/GFsb2ctbWVkaWEvc2kvMS8wRjU0ODNEQTE5NzgzOTk5RUM1RkM0RUQ/1MjRDRDVEQkYzRjE5NkU5NDIwMkQ5OUY4RUI1RUZCM0I4MTNDQkNFLmpwZw.jpg"
    ],
    "image_accessibility": "Dve škatli Sun Jolly sladoleda, ena rdeča in ena oranžna.",
    "detailed_images": [
      {
        "url": "https://imgproxy-retcat.assets.schwarz/HmC6GDXynm5nn2nNUmZcCgwn7SNc2M3mvbSPOR-T8LU/sm:1/w:427/h:320/cz/M6Ly9wcm9kLWNhd/GFsb2ctbWVkaWEvc2kvMS82NUVGOTA1QzFFOTFENUZFN0I2QUM5NTl/DNzQxNDJEQTE2RTQ1QTZEMjkyODk5MDM0RTI1M0NBQUU3NTgwQkRFLmpwZw.jpg",
        "accessibility": "Dve škatli Sun Jolly sladoleda, ena rdeča in ena oranžna."
      },
      {
        "url": "https://imgproxy-retcat.assets.schwarz/majuUgrrJp7CF2Phr3JH2Q9MsbK_kvJfTxuMRi0G7DQ/sm:1/w:427/h:320/cz/M6Ly9wcm9kLWNhd/GFsb2ctbWVkaWEvc2kvMS9DNkRDNTdCNEQ1RUUzQTMwMkJCQTlBMTk/zMjhGNzFDM0RFNTVFMTI2NzIzODAwNzBFQzExODMyRUFEODBFM0Q3LmpwZw.jpg",
        "accessibility": "Paket 8 Sun Lolly sladolednih palčk z okusom jagode."
      },
      {
        "url": "https://imgproxy-retcat.assets.schwarz/ze2oI3wjaTG92GngWIZ8NYBPInziB8bCmHM6arkSlHk/sm:1/w:427/h:320/cz/M6Ly9wcm9kLWNhd/GFsb2ctbWVkaWEvc2kvMS8wRjU0ODNEQTE5NzgzOTk5RUM1RkM0RUQ/1MjRDRDVEQkYzRjE5NkU5NDIwMkQ5OUY4RUI1RUZCM0I4MTNDQkNFLmpwZw.jpg",
        "accessibility": "Paket 8 Sun Lolly sladolednih palčk z okusom tropskega sadja."
      }
    ],
    "analytics_category": "Food",
    "more_details": "Dodatne podrobnosti o izdelku",
    "won_category_primary": "Svetovi potreb/Hrana in bližnja hrana/Prigrizki in slaščice",
    "won_category_primary_path": "0/17/1721",
    "canonical_path": "/p/sunquick-vodeni-sladoled/p10082551",
    "canonical_url": "/p/sunquick-vodeni-sladoled/p10082551",
    "awards": [],
    "seals": [],
    "ribbons": [],
    "highlighted_seals": 0,
    "lidl_plus": [],
    "regions": [],
    "ians": [
      "7302231"
    ],
    "show_brand": true,
    "deal_of_day_active": false,
    "full_title_meta": "SUNQUICK Vodeni sladoled",
    "lists": [
      4991
    ],
    "preview": false,
    "category_breadcrumbs": [
      {
        "id": "10068374",
        "name": "Hrana in pijača",
        "url": "/c/hrana-in-pijaca/s10068374",
        "hidden": false
      },
      {
        "id": "10071044",
        "name": "Prigrizki in sladkarije",
        "url": "/h/prigrizki-in-sladkarije/h10071044",
        "hidden": false
      }
    ],
    "campaigns": [
      {
        "id": "Current_Sales_Week",
        "name": "Ta teden",
        "url": null,
        "hidden": false
      },
      {
        "id": "10075258",
        "name": "Tvoja Lidl cena",
        "url": "/c/tvoja-lidl-cena/a10075258",
        "hidden": false
      }
    ],
    "world_of_needs_code": "1721",
    "world_of_needs_name": "Prigrizki in slaščice",
    "world_of_needs_parent": "17",
    "is_main_category": true,
    "super_categories": [
      {
        "code": "17",
        "name": "Hrana in bližnja hrana",
        "parent": "0"
      },
      {
        "code": "0",
        "name": "Svetovi potreb",
        "parent": ""
      }
    ],
    "position": 285,
    "tracking_payload": {
      "searchTrackingMasterId": "Product.10082551",
      "searchTrackingTitle": "Vodeni+sladoled",
      "searchTrackingPageSize": 100,
      "searchTrackingPage": 3,
      "searchTrackingEvent": "click",
      "list": "search",
      "searchTrackingId": "Product.10082551",
      "searchTrackingOrigPos": 1,
      "searchTrackingPos": 285,
      "searchTrackingOrigPageSize": 100,
      "searchTrackingChannel": "SI",
      "category": "Food"
    }
  },
  {
    "code": "10082547",
    "name": "FunctionALL voda",
    "url": "",
    "result_class": "product",
    "type": "product",
    "product_id": 10082547,
    "erp_number": "10082547",
    "item_id": 10082547,
    "full_title": "RADENSKA FunctionALL voda",
    "title": "FunctionALL voda",
    "category": "Food",
    "product_type": "RETAIL",
    "age_restriction": false,
    "is_used_product": false,
    "multipack": false,
    "online": false,
    "store": false,
    "quick_add_to_cart": false,
    "flash_sales": false,
    "having_videos": false,
    "having_threesixty": false,
    "price": 1.25,
    "old_price": 0.0,
    "currency_code": "EUR",
    "currency_symbol": "€",
    "has_star": true,
    "has_vat": false,
    "price_theme": "white_red",
    "variants_have_different_prices": false,
    "base_price_text": "1 l = 2.50",
    "base_price_prefix": false,
    "packaging_text": "0,5 l",
    "discount_deleted_price": null,
    "discount_text": "ZGRABITE PRILOŽNOST!",
    "discount_percentage": null,
    "discount_has_star": false,
    "show_discount": false,
    "show_percentage": false,
    "from_recommended_price": false,
    "availability_indicator": 0,
    "online_available": false,
    "min_orderable_quantity": 1,
    "orderable_quantities": [],
    "badge_texts": [
      "V trgovini od 10.07. do 16.07."
    ],
    "badge_types": [
      "IN_STORE_FROM_FUTURE_DATE_RANGE"
    ],
    "main_image": "https://imgproxy-retcat.assets.schwarz/xl28VRCTE8tFpsPLMHkEzS8phNEMH3KcVLMS4PLdPc0/sm:1/w:427/h:320/cz/M6Ly9wcm9kLWNhd/GFsb2ctbWVkaWEvc2kvMS84NzVFNzM5OURFRkI2QjJCMTAwRUY1Mzg/2Q0FENjkxN0FBRTU1QTE5RUJEOEE2M0JDOTY0RUVBOTkyMkVGMzBDLmpwZw.jpg",
    "image_list": [
      "https://imgproxy-retcat.assets.schwarz/xl28VRCTE8tFpsPLMHkEzS8phNEMH3KcVLMS4PLdPc0/sm:1/w:427/h:320/cz/M6Ly9wcm9kLWNhd/GFsb2ctbWVkaWEvc2kvMS84NzVFNzM5OURFRkI2QjJCMTAwRUY1Mzg/2Q0FENjkxN0FBRTU1QTE5RUJEOEE2M0JDOTY0RUVBOTkyMkVGMzBDLmpwZw.jpg",
      "https://imgproxy-retcat.assets.schwarz/Mu9E-3ksB8mopuGiZ3KxELtPzQkhwofb7hUHQwh_TpQ/sm:1/w:427/h:320/cz/M6Ly9wcm9kLWNhd/GFsb2ctbWVkaWEvc2kvMS9DMEM2NkM2NzhEOEZBMTgyNkFFNjM4OEJ/GOTVBRTBDQzQ0ODIwMTc4NTlDODAyRkRCQzIzRUZFMzU5MDcxRkEzLmpwZw.jpg",
      "https://imgproxy-retcat.assets.schwarz/D8cUtBnBdEYcIafsLkV7IKqxct7Il3nsuNkgjNMPN8o/sm:1/w:427/h:320/cz/M6Ly9wcm9kLWNhd/GFsb2ctbWVkaWEvc2kvMS8xM0I5N0RBNEYyMDc2RkNGMTU2MTZDNDE/5RjlCRTU2N0UxQkEzMzI2MTkwOTQ4RkVCRjU1NTcyNjRBRkQyOEMwLmpwZw.jpg"
    ],
    "image_accessibility": "Tri steklenice pijače Function All v različnih okusih.",
    "detailed_images": [
      {
        "url": "https://imgproxy-retcat.assets.schwarz/xl28VRCTE8tFpsPLMHkEzS8phNEMH3KcVLMS4PLdPc0/sm:1/w:427/h:320/cz/M6Ly9wcm9kLWNhd/GFsb2ctbWVkaWEvc2kvMS84NzVFNzM5OURFRkI2QjJCMTAwRUY1Mzg/2Q0FENjkxN0FBRTU1QTE5RUJEOEE2M0JDOTY0RUVBOTkyMkVGMzBDLmpwZw.jpg",
        "accessibility": "Tri steklenice pijače Function All v različnih okusih."
      },
      {
        "url": "https://imgproxy-retcat.assets.schwarz/Mu9E-3ksB8mopuGiZ3KxELtPzQkhwofb7hUHQwh_TpQ/sm:1/w:427/h:320/cz/M6Ly9wcm9kLWNhd/GFsb2ctbWVkaWEvc2kvMS9DMEM2NkM2NzhEOEZBMTgyNkFFNjM4OEJ/GOTVBRTBDQzQ0ODIwMTc4NTlDODAyRkRCQzIzRUZFMzU5MDcxRkEzLmpwZw.jpg",
        "accessibility": "Steklenica Function All naravnega gaziranega napitka."
      },
      {
        "url": "https://imgproxy-retcat.assets.schwarz/D8cUtBnBdEYcIafsLkV7IKqxct7Il3nsuNkgjNMPN8o/sm:1/w:427/h:320/cz/M6Ly9wcm9kLWNhd/GFsb2ctbWVkaWEvc2kvMS8xM0I5N0RBNEYyMDc2RkNGMTU2MTZDNDE/5RjlCRTU2N0UxQkEzMzI2MTkwOTQ4RkVCRjU1NTcyNjRBRkQyOEMwLmpwZw.jpg",
        "accessibility": "Steklenica Function All pijače."
      }
    ],
    "analytics_category": "Food",
    "more_details": "Dodatne podrobnosti o izdelku",
    "won_category_primary": "Svetovi potreb/Hrana in bližnja hrana/Pijače",
    "won_category_primary_path": "0/17/1720",
    "canonical_path": "/p/radenska-functionall-voda/p10082547",
    "canonical_url": "/p/radenska-functionall-voda/p10082547",
    "awards": [],
    "seals": [
      {
        "altText": "Slovenski izdelek",
        "image": "https://imgproxy-retcat.assets.schwarz/065GlWscfuyzRNlqdEjgEaZNE6893872XSglFaanlJA/sm:1/w:140/cz/M6Ly9wcm9kLWNhd/GFsb2ctbWVkaWEvc2kvMi83RTk4NkYyRDk1MTlDRUJBNzA1N0JGMzA/1QjA1NjUyRjVCMjMzNzZGRjY4MzVEREFGQzIwQzE5NDVFQUE5M0RCLnBuZw.png"
      }
    ],
    "ribbons": [],
    "highlighted_seals": 0,
    "lidl_plus": [],
    "regions": [],
    "ians": [
      "7306668"
    ],
    "show_brand": true,
    "deal_of_day_active": false,
    "full_title_meta": "RADENSKA FunctionALL voda",
    "lists": [
      4991
    ],
    "preview": false,
    "category_breadcrumbs": [
      {
        "id": "10068374",
        "name": "Hrana in pijača",
        "url": "/c/hrana-in-pijaca/s10068374",
        "hidden": false
      },
      {
        "id": "10071022",
        "name": "Pijače",
        "url": "/h/pijace/h10071022",
        "hidden": false
      }
    ],
    "campaigns": [
      {
        "id": "Current_Sales_Week",
        "name": "Ta teden",
        "url": null,
        "hidden": false
      },
      {
        "id": "10075258",
        "name": "Tvoja Lidl cena",
        "url": "/c/tvoja-lidl-cena/a10075258",
        "hidden": false
      }
    ],
    "world_of_needs_code": "1720",
    "world_of_needs_name": "Pijače",
    "world_of_needs_parent": "17",
    "is_main_category": true,
    "super_categories": [
      {
        "code": "17",
        "name": "Hrana in bližnja hrana",
        "parent": "0"
      },
      {
        "code": "0",
        "name": "Svetovi potreb",
        "parent": ""
      }
    ],
    "position": 286,
    "tracking_payload": {
      "searchTrackingMasterId": "Product.10082547",
      "searchTrackingTitle": "FunctionALL+voda",
      "searchTrackingPageSize": 100,
      "searchTrackingPage": 3,
      "searchTrackingEvent": "click",
      "list": "search",
      "searchTrackingId": "Product.10082547",
      "searchTrackingOrigPos": 1,
      "searchTrackingPos": 286,
      "searchTrackingOrigPageSize": 100,
      "searchTrackingChannel": "SI",
      "category": "Food"
    }
  },
  {
    "code": "10082555",
    "name": "Izotonični napitek",
    "url": "",
    "result_class": "product",
    "type": "product",
    "product_id": 10082555,
    "erp_number": "10082555",
    "item_id": 10082555,
    "full_title": "DANA Izotonični napitek",
    "title": "Izotonični napitek",
    "category": "Food",
    "product_type": "RETAIL",
    "age_restriction": false,
    "is_used_product": false,
    "multipack": false,
    "online": false,
    "store": false,
    "quick_add_to_cart": false,
    "flash_sales": false,
    "having_videos": false,
    "having_threesixty": false,
    "price": 1.19,
    "old_price": 0.0,
    "currency_code": "EUR",
    "currency_symbol": "€",
    "has_star": true,
    "has_vat": false,
    "price_theme": "white_red",
    "variants_have_different_prices": false,
    "base_price_text": "1 l = 1.59",
    "base_price_prefix": false,
    "packaging_text": "0,75 l",
    "discount_deleted_price": null,
    "discount_text": "ZGRABITE PRILOŽNOST!",
    "discount_percentage": null,
    "discount_has_star": false,
    "show_discount": false,
    "show_percentage": false,
    "from_recommended_price": false,
    "availability_indicator": 0,
    "online_available": false,
    "min_orderable_quantity": 1,
    "orderable_quantities": [],
    "badge_texts": [
      "V trgovini od 10.07. do 16.07."
    ],
    "badge_types": [
      "IN_STORE_FROM_FUTURE_DATE_RANGE"
    ],
    "main_image": "https://imgproxy-retcat.assets.schwarz/CHL60eOSSz75IZaLr6CLnZe0xX5lv3PxEgOadX08tWI/sm:1/w:427/h:320/cz/M6Ly9wcm9kLWNhd/GFsb2ctbWVkaWEvc2kvMS8wQjRERTYzRTdGRUU3RjAyRjAxQTVBM0R/BMzNDMjIyNTNBMTg2MkZFMUM1NzMwOEQzMzM2QkY5Njg3NzBBMTE0LmpwZw.jpg",
    "image_list": [
      "https://imgproxy-retcat.assets.schwarz/CHL60eOSSz75IZaLr6CLnZe0xX5lv3PxEgOadX08tWI/sm:1/w:427/h:320/cz/M6Ly9wcm9kLWNhd/GFsb2ctbWVkaWEvc2kvMS8wQjRERTYzRTdGRUU3RjAyRjAxQTVBM0R/BMzNDMjIyNTNBMTg2MkZFMUM1NzMwOEQzMzM2QkY5Njg3NzBBMTE0LmpwZw.jpg",
      "https://imgproxy-retcat.assets.schwarz/6OJJC6Cp5YXJctTPSKRDdIqpss_k0JEZNsfNoGETpMg/sm:1/w:427/h:320/cz/M6Ly9wcm9kLWNhd/GFsb2ctbWVkaWEvc2kvMS9DQ0E3OTlCOEQ4RENDMTIyNTU0NkQ0QjU/2MTg4M0Y5OTU2MTcwODE2NTdEQURDMEU2QjIzNUVGMjAyRTM5ODA0LmpwZw.jpg",
      "https://imgproxy-retcat.assets.schwarz/rQu1U6dItwKYo496SQ96AbSNXtGbBjQYp0NQK_dZAs0/sm:1/w:427/h:320/cz/M6Ly9wcm9kLWNhd/GFsb2ctbWVkaWEvc2kvMS85QzJERjQzNTU5ODMxRTg5NDA0Qjg3MTI/1RkREMkZDNkE0QUNBQTY4QUNDMjQ4RTkwOTk4MUQ1RkFCMkQ4ODJDLmpwZw.jpg"
    ],
    "image_accessibility": "Dve embalaži izotoničnega napitka Dana Iso Tonic v različnih okusih.",
    "detailed_images": [
      {
        "url": "https://imgproxy-retcat.assets.schwarz/CHL60eOSSz75IZaLr6CLnZe0xX5lv3PxEgOadX08tWI/sm:1/w:427/h:320/cz/M6Ly9wcm9kLWNhd/GFsb2ctbWVkaWEvc2kvMS8wQjRERTYzRTdGRUU3RjAyRjAxQTVBM0R/BMzNDMjIyNTNBMTg2MkZFMUM1NzMwOEQzMzM2QkY5Njg3NzBBMTE0LmpwZw.jpg",
        "accessibility": "Dve embalaži izotoničnega napitka Dana Iso Tonic v različnih okusih."
      },
      {
        "url": "https://imgproxy-retcat.assets.schwarz/6OJJC6Cp5YXJctTPSKRDdIqpss_k0JEZNsfNoGETpMg/sm:1/w:427/h:320/cz/M6Ly9wcm9kLWNhd/GFsb2ctbWVkaWEvc2kvMS9DQ0E3OTlCOEQ4RENDMTIyNTU0NkQ0QjU/2MTg4M0Y5OTU2MTcwODE2NTdEQURDMEU2QjIzNUVGMjAyRTM5ODA0LmpwZw.jpg",
        "accessibility": "Dana IsoTone športni napitek v kartonski embalaži."
      },
      {
        "url": "https://imgproxy-retcat.assets.schwarz/rQu1U6dItwKYo496SQ96AbSNXtGbBjQYp0NQK_dZAs0/sm:1/w:427/h:320/cz/M6Ly9wcm9kLWNhd/GFsb2ctbWVkaWEvc2kvMS85QzJERjQzNTU5ODMxRTg5NDA0Qjg3MTI/1RkREMkZDNkE0QUNBQTY4QUNDMjQ4RTkwOTk4MUQ1RkFCMkQ4ODJDLmpwZw.jpg",
        "accessibility": "Dana Isotonic Lemon pijača."
      }
    ],
    "analytics_category": "Food",
    "more_details": "Dodatne podrobnosti o izdelku",
    "won_category_primary": "Svetovi potreb/Hrana in bližnja hrana/Pijače",
    "won_category_primary_path": "0/17/1720",
    "canonical_path": "/p/dana-izotonicni-napitek/p10082555",
    "canonical_url": "/p/dana-izotonicni-napitek/p10082555",
    "awards": [],
    "seals": [
      {
        "altText": "Slovenski izdelek",
        "image": "https://imgproxy-retcat.assets.schwarz/065GlWscfuyzRNlqdEjgEaZNE6893872XSglFaanlJA/sm:1/w:140/cz/M6Ly9wcm9kLWNhd/GFsb2ctbWVkaWEvc2kvMi83RTk4NkYyRDk1MTlDRUJBNzA1N0JGMzA/1QjA1NjUyRjVCMjMzNzZGRjY4MzVEREFGQzIwQzE5NDVFQUE5M0RCLnBuZw.png"
      }
    ],
    "ribbons": [],
    "highlighted_seals": 0,
    "lidl_plus": [],
    "regions": [],
    "ians": [
      "7308313"
    ],
    "show_brand": true,
    "deal_of_day_active": false,
    "full_title_meta": "DANA Izotonični napitek",
    "lists": [
      4991
    ],
    "preview": false,
    "category_breadcrumbs": [
      {
        "id": "10068374",
        "name": "Hrana in pijača",
        "url": "/c/hrana-in-pijaca/s10068374",
        "hidden": false
      },
      {
        "id": "10071022",
        "name": "Pijače",
        "url": "/h/pijace/h10071022",
        "hidden": false
      }
    ],
    "campaigns": [
      {
        "id": "Current_Sales_Week",
        "name": "Ta teden",
        "url": null,
        "hidden": false
      },
      {
        "id": "10075258",
        "name": "Tvoja Lidl cena",
        "url": "/c/tvoja-lidl-cena/a10075258",
        "hidden": false
      }
    ],
    "world_of_needs_code": "1720",
    "world_of_needs_name": "Pijače",
    "world_of_needs_parent": "17",
    "is_main_category": true,
    "super_categories": [
      {
        "code": "17",
        "name": "Hrana in bližnja hrana",
        "parent": "0"
      },
      {
        "code": "0",
        "name": "Svetovi potreb",
        "parent": ""
      }
    ],
    "position": 287,
    "tracking_payload": {
      "searchTrackingMasterId": "Product.10082555",
      "searchTrackingTitle": "Izotoni%C4%8Dni+napitek",
      "searchTrackingPageSize": 100,
      "searchTrackingPage": 3,
      "searchTrackingEvent": "click",
      "list": "search",
      "searchTrackingId": "Product.10082555",
      "searchTrackingOrigPos": 1,
      "searchTrackingPos": 287,
      "searchTrackingOrigPageSize": 100,
      "searchTrackingChannel": "SI",
      "category": "Food"
    }
  },
  {
    "code": "10082559",
    "name": "Svetlo pivo",
    "url": "",
    "result_class": "product",
    "type": "product",
    "product_id": 10082559,
    "erp_number": "10082559",
    "item_id": 10082559,
    "full_title": "UNION Svetlo pivo",
    "title": "Svetlo pivo",
    "category": "Food",
    "product_type": "RETAIL",
    "age_restriction": false,
    "is_used_product": false,
    "multipack": false,
    "online": false,
    "store": false,
    "quick_add_to_cart": false,
    "flash_sales": false,
    "having_videos": false,
    "having_threesixty": false,
    "price": 4.79,
    "old_price": 0.0,
    "currency_code": "EUR",
    "currency_symbol": "€",
    "has_star": true,
    "has_vat": false,
    "price_theme": "white_red",
    "variants_have_different_prices": false,
    "base_price_text": "1 l = 2.42",
    "base_price_prefix": false,
    "packaging_text": "6 x 330 ml",
    "discount_deleted_price": null,
    "discount_text": "ZGRABITE PRILOŽNOST!",
    "discount_percentage": null,
    "discount_has_star": false,
    "show_discount": false,
    "show_percentage": false,
    "from_recommended_price": false,
    "availability_indicator": 0,
    "online_available": false,
    "min_orderable_quantity": 1,
    "orderable_quantities": [],
    "badge_texts": [
      "V trgovini od 10.07. do 16.07."
    ],
    "badge_types": [
      "IN_STORE_FROM_FUTURE_DATE_RANGE"
    ],
    "main_image": "https://imgproxy-retcat.assets.schwarz/zGPgxG4OW3LhHHfMWddZUxeg_WQ4RNLTP2FZHzICnHk/sm:1/w:427/h:320/cz/M6Ly9wcm9kLWNhd/GFsb2ctbWVkaWEvc2kvMS9FQzExM0M4NEU5NkZBM0RCQzRENDYwRkY/4NzUwNENEOTFBNjNGODVBQjMzMTZBQUU0MzVCRDU2Mzg2MUNCMUQ4LmpwZw.jpg",
    "image_list": [
      "https://imgproxy-retcat.assets.schwarz/zGPgxG4OW3LhHHfMWddZUxeg_WQ4RNLTP2FZHzICnHk/sm:1/w:427/h:320/cz/M6Ly9wcm9kLWNhd/GFsb2ctbWVkaWEvc2kvMS9FQzExM0M4NEU5NkZBM0RCQzRENDYwRkY/4NzUwNENEOTFBNjNGODVBQjMzMTZBQUU0MzVCRDU2Mzg2MUNCMUQ4LmpwZw.jpg"
    ],
    "image_accessibility": "Šest pak Union piva v rdečih pločevinkah.",
    "detailed_images": [
      {
        "url": "https://imgproxy-retcat.assets.schwarz/zGPgxG4OW3LhHHfMWddZUxeg_WQ4RNLTP2FZHzICnHk/sm:1/w:427/h:320/cz/M6Ly9wcm9kLWNhd/GFsb2ctbWVkaWEvc2kvMS9FQzExM0M4NEU5NkZBM0RCQzRENDYwRkY/4NzUwNENEOTFBNjNGODVBQjMzMTZBQUU0MzVCRDU2Mzg2MUNCMUQ4LmpwZw.jpg",
        "accessibility": "Šest pak Union piva v rdečih pločevinkah."
      }
    ],
    "analytics_category": "Food",
    "more_details": "Dodatne podrobnosti o izdelku",
    "won_category_primary": "Svetovi potreb/Vino in žgane pijače/Pivo",
    "won_category_primary_path": "0/10/1014",
    "canonical_path": "/p/union-svetlo-pivo/p10082559",
    "canonical_url": "/p/union-svetlo-pivo/p10082559",
    "awards": [],
    "seals": [
      {
        "altText": "Slovenski izdelek",
        "image": "https://imgproxy-retcat.assets.schwarz/065GlWscfuyzRNlqdEjgEaZNE6893872XSglFaanlJA/sm:1/w:140/cz/M6Ly9wcm9kLWNhd/GFsb2ctbWVkaWEvc2kvMi83RTk4NkYyRDk1MTlDRUJBNzA1N0JGMzA/1QjA1NjUyRjVCMjMzNzZGRjY4MzVEREFGQzIwQzE5NDVFQUE5M0RCLnBuZw.png"
      }
    ],
    "ribbons": [],
    "highlighted_seals": 0,
    "lidl_plus": [],
    "regions": [],
    "ians": [
      "7307813"
    ],
    "show_brand": true,
    "deal_of_day_active": false,
    "full_title_meta": "UNION Svetlo pivo",
    "lists": [
      4991
    ],
    "preview": false,
    "category_breadcrumbs": [
      {
        "id": "10068374",
        "name": "Hrana in pijača",
        "url": "/c/hrana-in-pijaca/s10068374",
        "hidden": false
      },
      {
        "id": "10071687",
        "name": "Vina in žgane pijače",
        "url": "/h/vina-in-zgane-pijace/h10071687",
        "hidden": false
      }
    ],
    "campaigns": [
      {
        "id": "Current_Sales_Week",
        "name": "Ta teden",
        "url": null,
        "hidden": false
      },
      {
        "id": "10075258",
        "name": "Tvoja Lidl cena",
        "url": "/c/tvoja-lidl-cena/a10075258",
        "hidden": false
      }
    ],
    "world_of_needs_code": "1014",
    "world_of_needs_name": "Pivo",
    "world_of_needs_parent": "10",
    "is_main_category": true,
    "super_categories": [
      {
        "code": "10",
        "name": "Vino in žgane pijače",
        "parent": "0"
      },
      {
        "code": "0",
        "name": "Svetovi potreb",
        "parent": ""
      }
    ],
    "position": 288,
    "tracking_payload": {
      "searchTrackingMasterId": "Product.10082559",
      "searchTrackingTitle": "Svetlo+pivo",
      "searchTrackingPageSize": 100,
      "searchTrackingPage": 3,
      "searchTrackingEvent": "click",
      "list": "search",
      "searchTrackingId": "Product.10082559",
      "searchTrackingOrigPos": 1,
      "searchTrackingPos": 288,
      "searchTrackingOrigPageSize": 100,
      "searchTrackingChannel": "SI",
      "category": "Food"
    }
  },
  {
    "code": "10082571",
    "name": "Fanta",
    "url": "",
    "result_class": "product",
    "type": "product",
    "product_id": 10082571,
    "erp_number": "10082571",
    "item_id": 10082571,
    "full_title": "Fanta",
    "title": "Fanta",
    "category": "Food",
    "product_type": "RETAIL",
    "age_restriction": false,
    "is_used_product": false,
    "multipack": false,
    "online": false,
    "store": false,
    "quick_add_to_cart": false,
    "flash_sales": false,
    "having_videos": false,
    "having_threesixty": false,
    "price": 1.69,
    "old_price": 0.0,
    "currency_code": "EUR",
    "currency_symbol": "€",
    "has_star": true,
    "has_vat": false,
    "price_theme": "white_red",
    "variants_have_different_prices": false,
    "base_price_text": "1 l = 1.13",
    "base_price_prefix": false,
    "packaging_text": "1,5 l",
    "discount_deleted_price": null,
    "discount_text": "ZGRABITE PRILOŽNOST!",
    "discount_percentage": null,
    "discount_has_star": false,
    "show_discount": false,
    "show_percentage": false,
    "from_recommended_price": false,
    "availability_indicator": 0,
    "online_available": false,
    "min_orderable_quantity": 1,
    "orderable_quantities": [],
    "badge_texts": [
      "V trgovini od 10.07. do 16.07."
    ],
    "badge_types": [
      "IN_STORE_FROM_FUTURE_DATE_RANGE"
    ],
    "main_image": "https://imgproxy-retcat.assets.schwarz/0SwuMhzEOVkmOWZM4HIMaxOu6Yt4XEgFZbHRTixN39I/sm:1/w:427/h:320/cz/M6Ly9wcm9kLWNhd/GFsb2ctbWVkaWEvc2kvMS8wNTE2NEU2NTNGRTYzMjk1Rjk5NzBBN0F/GMEUxMDY3MzE3RDE0RUJEMDkxREQ0OEQ1MEVBOEM5QUY5QkE1MzU2LmpwZw.jpg",
    "image_list": [
      "https://imgproxy-retcat.assets.schwarz/0SwuMhzEOVkmOWZM4HIMaxOu6Yt4XEgFZbHRTixN39I/sm:1/w:427/h:320/cz/M6Ly9wcm9kLWNhd/GFsb2ctbWVkaWEvc2kvMS8wNTE2NEU2NTNGRTYzMjk1Rjk5NzBBN0F/GMEUxMDY3MzE3RDE0RUJEMDkxREQ0OEQ1MEVBOEM5QUY5QkE1MzU2LmpwZw.jpg",
      "https://imgproxy-retcat.assets.schwarz/49facB0MKPiByCO6eNNF5CXNksYPbsqKPXzrFP620u8/sm:1/w:427/h:320/cz/M6Ly9wcm9kLWNhd/GFsb2ctbWVkaWEvc2kvMS81NjQ1MUNDQkIwMEU4MzlFMEI1N0U5REQ/4RTJEQ0YxNTlCMEM0RjVFOTEyNTI0OTcyODkxRjFEREI3MUM3REYyLmpwZw.jpg",
      "https://imgproxy-retcat.assets.schwarz/O0iP0juYNwT1tCgAcmdKSljOh7tfuSx-10BJnlI99_s/sm:1/w:427/h:320/cz/M6Ly9wcm9kLWNhd/GFsb2ctbWVkaWEvc2kvMS83ODc2NDI5OTU5NkU5N0JCNzEwNkVGRDV/CNDgwNEYwRThDMEM4RDRGMkFBNTZGNDhCMkIwOTk0OUVBQTQ1QzNBLmpwZw.jpg"
    ],
    "image_accessibility": "Dve steklenici Fanta, rumena in vijolična.",
    "detailed_images": [
      {
        "url": "https://imgproxy-retcat.assets.schwarz/0SwuMhzEOVkmOWZM4HIMaxOu6Yt4XEgFZbHRTixN39I/sm:1/w:427/h:320/cz/M6Ly9wcm9kLWNhd/GFsb2ctbWVkaWEvc2kvMS8wNTE2NEU2NTNGRTYzMjk1Rjk5NzBBN0F/GMEUxMDY3MzE3RDE0RUJEMDkxREQ0OEQ1MEVBOEM5QUY5QkE1MzU2LmpwZw.jpg",
        "accessibility": "Dve steklenici Fanta, rumena in vijolična."
      },
      {
        "url": "https://imgproxy-retcat.assets.schwarz/49facB0MKPiByCO6eNNF5CXNksYPbsqKPXzrFP620u8/sm:1/w:427/h:320/cz/M6Ly9wcm9kLWNhd/GFsb2ctbWVkaWEvc2kvMS81NjQ1MUNDQkIwMEU4MzlFMEI1N0U5REQ/4RTJEQ0YxNTlCMEM0RjVFOTEyNTI0OTcyODkxRjFEREI3MUM3REYyLmpwZw.jpg",
        "accessibility": "Steklenica Fante z okusom grozdja."
      },
      {
        "url": "https://imgproxy-retcat.assets.schwarz/O0iP0juYNwT1tCgAcmdKSljOh7tfuSx-10BJnlI99_s/sm:1/w:427/h:320/cz/M6Ly9wcm9kLWNhd/GFsb2ctbWVkaWEvc2kvMS83ODc2NDI5OTU5NkU5N0JCNzEwNkVGRDV/CNDgwNEYwRThDMEM4RDRGMkFBNTZGNDhCMkIwOTk0OUVBQTQ1QzNBLmpwZw.jpg",
        "accessibility": "Steklenica Fanta limone."
      }
    ],
    "analytics_category": "Food",
    "more_details": "Dodatne podrobnosti o izdelku",
    "won_category_primary": "Svetovi potreb/Hrana in bližnja hrana/Pijače",
    "won_category_primary_path": "0/17/1720",
    "canonical_path": "/p/fanta/p10082571",
    "canonical_url": "/p/fanta/p10082571",
    "awards": [],
    "seals": [],
    "ribbons": [],
    "highlighted_seals": 0,
    "lidl_plus": [],
    "regions": [],
    "ians": [
      "1002445"
    ],
    "show_brand": false,
    "deal_of_day_active": false,
    "full_title_meta": "Fanta",
    "lists": [
      4991
    ],
    "preview": false,
    "category_breadcrumbs": [
      {
        "id": "10068374",
        "name": "Hrana in pijača",
        "url": "/c/hrana-in-pijaca/s10068374",
        "hidden": false
      },
      {
        "id": "10071022",
        "name": "Pijače",
        "url": "/h/pijace/h10071022",
        "hidden": false
      }
    ],
    "campaigns": [
      {
        "id": "Current_Sales_Week",
        "name": "Ta teden",
        "url": null,
        "hidden": false
      },
      {
        "id": "10075258",
        "name": "Tvoja Lidl cena",
        "url": "/c/tvoja-lidl-cena/a10075258",
        "hidden": false
      }
    ],
    "world_of_needs_code": "1720",
    "world_of_needs_name": "Pijače",
    "world_of_needs_parent": "17",
    "is_main_category": true,
    "super_categories": [
      {
        "code": "17",
        "name": "Hrana in bližnja hrana",
        "parent": "0"
      },
      {
        "code": "0",
        "name": "Svetovi potreb",
        "parent": ""
      }
    ],
    "position": 289,
    "tracking_payload": {
      "searchTrackingMasterId": "Product.10082571",
      "searchTrackingTitle": "Fanta",
      "searchTrackingPageSize": 100,
      "searchTrackingPage": 3,
      "searchTrackingEvent": "click",
      "list": "search",
      "searchTrackingId": "Product.10082571",
      "searchTrackingOrigPos": 1,
      "searchTrackingPos": 289,
      "searchTrackingOrigPageSize": 100,
      "searchTrackingChannel": "SI",
      "category": "Food"
    }
  },
  {
    "code": "10082563",
    "name": "Lemonish",
    "url": "",
    "result_class": "product",
    "type": "product",
    "product_id": 10082563,
    "erp_number": "10082563",
    "item_id": 10082563,
    "full_title": "Lemonish",
    "title": "Lemonish",
    "category": "Food",
    "product_type": "RETAIL",
    "age_restriction": false,
    "is_used_product": false,
    "multipack": false,
    "online": false,
    "store": false,
    "quick_add_to_cart": false,
    "flash_sales": false,
    "having_videos": false,
    "having_threesixty": false,
    "price": 1.59,
    "old_price": 0.0,
    "currency_code": "EUR",
    "currency_symbol": "€",
    "has_star": true,
    "has_vat": false,
    "price_theme": "white_red",
    "variants_have_different_prices": false,
    "base_price_text": "1 l = 1.27",
    "base_price_prefix": false,
    "packaging_text": "1,25 l",
    "discount_deleted_price": null,
    "discount_text": "ZGRABITE PRILOŽNOST!",
    "discount_percentage": null,
    "discount_has_star": false,
    "show_discount": false,
    "show_percentage": false,
    "from_recommended_price": false,
    "availability_indicator": 0,
    "online_available": false,
    "min_orderable_quantity": 1,
    "orderable_quantities": [],
    "badge_texts": [
      "V trgovini od 10.07. do 16.07."
    ],
    "badge_types": [
      "IN_STORE_FROM_FUTURE_DATE_RANGE"
    ],
    "main_image": "https://imgproxy-retcat.assets.schwarz/71WJeHCSlnlQvLhtNSJhJUIpFDipXSAPDcW832L6krs/sm:1/w:427/h:320/cz/M6Ly9wcm9kLWNhd/GFsb2ctbWVkaWEvc2kvMS8wRkMwMDNDMjVGQUExMERFNzhFMTQ0MTB/BQTgwNjE5MEM0QjNDODk4ODhEMjI0NjEwQjIyOTIxMjkxNzJCMEVDLmpwZw.jpg",
    "image_list": [
      "https://imgproxy-retcat.assets.schwarz/71WJeHCSlnlQvLhtNSJhJUIpFDipXSAPDcW832L6krs/sm:1/w:427/h:320/cz/M6Ly9wcm9kLWNhd/GFsb2ctbWVkaWEvc2kvMS8wRkMwMDNDMjVGQUExMERFNzhFMTQ0MTB/BQTgwNjE5MEM0QjNDODk4ODhEMjI0NjEwQjIyOTIxMjkxNzJCMEVDLmpwZw.jpg",
      "https://imgproxy-retcat.assets.schwarz/fEAsk7W1hb75yihVega4HBobgvc7ZWu_8o9VMuBKwnc/sm:1/w:427/h:320/cz/M6Ly9wcm9kLWNhd/GFsb2ctbWVkaWEvc2kvMS9BMzRGNTg1OTZBMEJDMURFRjAyNEVENjM/0OUUxNjIwMDFFREQzODdBOEE0MzE0QTVFMTZGMzczQzk3QTNDQzdBLmpwZw.jpg",
      "https://imgproxy-retcat.assets.schwarz/cL4TN8rUI2xDXAOYQRoJt43Rx4aNK5olLSKVfI1gjMk/sm:1/w:427/h:320/cz/M6Ly9wcm9kLWNhd/GFsb2ctbWVkaWEvc2kvMS80MEQ1NUU5ODgyNTlFNkIyOTVDMTgzNjR/CNjgwMzIxOTdEQzY2NDQ0QzM3MTA1MDg5ODM0NDFGNURGMEFGRTM3LmpwZw.jpg"
    ],
    "image_accessibility": "Dve steklenici limonade Green Lemon.",
    "detailed_images": [
      {
        "url": "https://imgproxy-retcat.assets.schwarz/71WJeHCSlnlQvLhtNSJhJUIpFDipXSAPDcW832L6krs/sm:1/w:427/h:320/cz/M6Ly9wcm9kLWNhd/GFsb2ctbWVkaWEvc2kvMS8wRkMwMDNDMjVGQUExMERFNzhFMTQ0MTB/BQTgwNjE5MEM0QjNDODk4ODhEMjI0NjEwQjIyOTIxMjkxNzJCMEVDLmpwZw.jpg",
        "accessibility": "Dve steklenici limonade Green Lemon."
      },
      {
        "url": "https://imgproxy-retcat.assets.schwarz/fEAsk7W1hb75yihVega4HBobgvc7ZWu_8o9VMuBKwnc/sm:1/w:427/h:320/cz/M6Ly9wcm9kLWNhd/GFsb2ctbWVkaWEvc2kvMS9BMzRGNTg1OTZBMEJDMURFRjAyNEVENjM/0OUUxNjIwMDFFREQzODdBOEE0MzE0QTVFMTZGMzczQzk3QTNDQzdBLmpwZw.jpg",
        "accessibility": "Steklenica limonade."
      },
      {
        "url": "https://imgproxy-retcat.assets.schwarz/cL4TN8rUI2xDXAOYQRoJt43Rx4aNK5olLSKVfI1gjMk/sm:1/w:427/h:320/cz/M6Ly9wcm9kLWNhd/GFsb2ctbWVkaWEvc2kvMS80MEQ1NUU5ODgyNTlFNkIyOTVDMTgzNjR/CNjgwMzIxOTdEQzY2NDQ0QzM3MTA1MDg5ODM0NDFGNURGMEFGRTM3LmpwZw.jpg",
        "accessibility": "Steklenica limonade."
      }
    ],
    "analytics_category": "Food",
    "more_details": "Dodatne podrobnosti o izdelku",
    "won_category_primary": "Svetovi potreb/Hrana in bližnja hrana/Prigrizki in slaščice",
    "won_category_primary_path": "0/17/1721",
    "canonical_path": "/p/lemonish/p10082563",
    "canonical_url": "/p/lemonish/p10082563",
    "awards": [],
    "seals": [],
    "ribbons": [],
    "highlighted_seals": 0,
    "lidl_plus": [],
    "regions": [],
    "ians": [
      "7308925"
    ],
    "show_brand": false,
    "deal_of_day_active": false,
    "full_title_meta": "Lemonish",
    "lists": [
      4991
    ],
    "preview": false,
    "category_breadcrumbs": [
      {
        "id": "10068374",
        "name": "Hrana in pijača",
        "url": "/c/hrana-in-pijaca/s10068374",
        "hidden": false
      },
      {
        "id": "10071044",
        "name": "Prigrizki in sladkarije",
        "url": "/h/prigrizki-in-sladkarije/h10071044",
        "hidden": false
      }
    ],
    "campaigns": [
      {
        "id": "Current_Sales_Week",
        "name": "Ta teden",
        "url": null,
        "hidden": false
      },
      {
        "id": "10075258",
        "name": "Tvoja Lidl cena",
        "url": "/c/tvoja-lidl-cena/a10075258",
        "hidden": false
      }
    ],
    "world_of_needs_code": "1721",
    "world_of_needs_name": "Prigrizki in slaščice",
    "world_of_needs_parent": "17",
    "is_main_category": true,
    "super_categories": [
      {
        "code": "17",
        "name": "Hrana in bližnja hrana",
        "parent": "0"
      },
      {
        "code": "0",
        "name": "Svetovi potreb",
        "parent": ""
      }
    ],
    "position": 290,
    "tracking_payload": {
      "searchTrackingMasterId": "Product.10082563",
      "searchTrackingTitle": "Lemonish",
      "searchTrackingPageSize": 100,
      "searchTrackingPage": 3,
      "searchTrackingEvent": "click",
      "list": "search",
      "searchTrackingId": "Product.10082563",
      "searchTrackingOrigPos": 1,
      "searchTrackingPos": 290,
      "searchTrackingOrigPageSize": 100,
      "searchTrackingChannel": "SI",
      "category": "Food"
    }
  },
  {
    "code": "10082567",
    "name": "Böreklik kombi",
    "url": "",
    "result_class": "product",
    "type": "product",
    "product_id": 10082567,
    "erp_number": "10082567",
    "item_id": 10082567,
    "full_title": "BÖREKLIK KOMBI Böreklik kombi",
    "title": "Böreklik kombi",
    "category": "Food",
    "product_type": "RETAIL",
    "age_restriction": false,
    "is_used_product": false,
    "multipack": false,
    "online": false,
    "store": false,
    "quick_add_to_cart": false,
    "flash_sales": false,
    "having_videos": false,
    "having_threesixty": false,
    "price": 2.99,
    "old_price": 0.0,
    "currency_code": "EUR",
    "currency_symbol": "€",
    "has_star": true,
    "has_vat": false,
    "price_theme": "white_red",
    "variants_have_different_prices": false,
    "base_price_text": "1 l = 3.74",
    "base_price_prefix": false,
    "packaging_text": "800 g",
    "discount_deleted_price": null,
    "discount_text": "ZGRABITE PRILOŽNOST!",
    "discount_percentage": null,
    "discount_has_star": false,
    "show_discount": false,
    "show_percentage": false,
    "from_recommended_price": false,
    "availability_indicator": 0,
    "online_available": false,
    "min_orderable_quantity": 1,
    "orderable_quantities": [],
    "badge_texts": [
      "V trgovini od 10.07. do 16.07."
    ],
    "badge_types": [
      "IN_STORE_FROM_FUTURE_DATE_RANGE"
    ],
    "main_image": "https://imgproxy-retcat.assets.schwarz/HcEeoLuHNd6-h16dM0NrXz7REUCTczRaPIz1rYJ2Cg4/sm:1/w:427/h:320/cz/M6Ly9wcm9kLWNhd/GFsb2ctbWVkaWEvc2kvMS8yNTI1MkNDMTk3MEQxMTdGQzZCNDUwQzl/DQzFGM0ZBN0Y4RjEwNkM5OThBQTkxMDY4MUVGQjNCQTRCREU2NDI5LmpwZw.jpg",
    "image_list": [
      "https://imgproxy-retcat.assets.schwarz/HcEeoLuHNd6-h16dM0NrXz7REUCTczRaPIz1rYJ2Cg4/sm:1/w:427/h:320/cz/M6Ly9wcm9kLWNhd/GFsb2ctbWVkaWEvc2kvMS8yNTI1MkNDMTk3MEQxMTdGQzZCNDUwQzl/DQzFGM0ZBN0Y4RjEwNkM5OThBQTkxMDY4MUVGQjNCQTRCREU2NDI5LmpwZw.jpg"
    ],
    "image_accessibility": "Posoda z bolgarskim sirom.",
    "detailed_images": [
      {
        "url": "https://imgproxy-retcat.assets.schwarz/HcEeoLuHNd6-h16dM0NrXz7REUCTczRaPIz1rYJ2Cg4/sm:1/w:427/h:320/cz/M6Ly9wcm9kLWNhd/GFsb2ctbWVkaWEvc2kvMS8yNTI1MkNDMTk3MEQxMTdGQzZCNDUwQzl/DQzFGM0ZBN0Y4RjEwNkM5OThBQTkxMDY4MUVGQjNCQTRCREU2NDI5LmpwZw.jpg",
        "accessibility": "Posoda z bolgarskim sirom."
      }
    ],
    "analytics_category": "Food",
    "more_details": "Dodatne podrobnosti o izdelku",
    "won_category_primary": "Svetovi potreb/Hrana in bližnja hrana/Kruh in pekovsko pecivo",
    "won_category_primary_path": "0/17/1713",
    "canonical_path": "/p/boreklik-kombi-boreklik-kombi/p10082567",
    "canonical_url": "/p/boreklik-kombi-boreklik-kombi/p10082567",
    "awards": [],
    "seals": [
      {
        "altText": "Nalepka: Hlajeno",
        "image": "https://imgproxy-retcat.assets.schwarz/7x3Iby7aD19hFySDnP2YoXt7E1r0JrvJVj0QO1gUOes/sm:1/w:140/cz/M6Ly9wcm9kLWNhd/GFsb2ctbWVkaWEvc2kvMi8xMzFBN0E2RDlCREZGREQxOEE2OTFDNEZ/FNDE5RTM0QUMxQjY4OEQ0OUY2QTAxMTRDRjQ1RjdCNTNDRjM2NUJBLnBuZw.png"
      }
    ],
    "ribbons": [],
    "highlighted_seals": 0,
    "lidl_plus": [],
    "regions": [],
    "ians": [
      "7308790"
    ],
    "show_brand": true,
    "deal_of_day_active": false,
    "full_title_meta": "BÖREKLIK KOMBI Böreklik kombi",
    "lists": [
      4991
    ],
    "preview": false,
    "category_breadcrumbs": [
      {
        "id": "10068374",
        "name": "Hrana in pijača",
        "url": "/c/hrana-in-pijaca/s10068374",
        "hidden": false
      },
      {
        "id": "10071015",
        "name": "Kruh in pekovski izdelki",
        "url": "/h/kruh-in-pekovski-izdelki/h10071015",
        "hidden": false
      }
    ],
    "campaigns": [
      {
        "id": "Current_Sales_Week",
        "name": "Ta teden",
        "url": null,
        "hidden": false
      },
      {
        "id": "10075258",
        "name": "Tvoja Lidl cena",
        "url": "/c/tvoja-lidl-cena/a10075258",
        "hidden": false
      }
    ],
    "world_of_needs_code": "1713",
    "world_of_needs_name": "Kruh in pekovsko pecivo",
    "world_of_needs_parent": "17",
    "is_main_category": true,
    "super_categories": [
      {
        "code": "17",
        "name": "Hrana in bližnja hrana",
        "parent": "0"
      },
      {
        "code": "0",
        "name": "Svetovi potreb",
        "parent": ""
      }
    ],
    "position": 291,
    "tracking_payload": {
      "searchTrackingMasterId": "Product.10082567",
      "searchTrackingTitle": "B%C3%B6reklik+kombi",
      "searchTrackingPageSize": 100,
      "searchTrackingPage": 3,
      "searchTrackingEvent": "click",
      "list": "search",
      "searchTrackingId": "Product.10082567",
      "searchTrackingOrigPos": 1,
      "searchTrackingPos": 291,
      "searchTrackingOrigPageSize": 100,
      "searchTrackingChannel": "SI",
      "category": "Food"
    }
  },
  {
    "code": "10082702",
    "name": "Ledeni čaj",
    "url": "",
    "result_class": "product",
    "type": "product",
    "product_id": 10082702,
    "erp_number": "10082702",
    "item_id": 10082702,
    "full_title": "JANA Ledeni čaj",
    "title": "Ledeni čaj",
    "category": "Food",
    "product_type": "RETAIL",
    "age_restriction": false,
    "is_used_product": false,
    "multipack": false,
    "online": false,
    "store": false,
    "quick_add_to_cart": false,
    "flash_sales": false,
    "having_videos": false,
    "having_threesixty": false,
    "price": 0.69,
    "old_price": 0.0,
    "currency_code": "EUR",
    "currency_symbol": "€",
    "has_star": true,
    "has_vat": false,
    "price_theme": "white_red",
    "variants_have_different_prices": false,
    "base_price_text": "1 l = 1.38",
    "base_price_prefix": false,
    "packaging_text": "0,5 l",
    "discount_deleted_price": null,
    "discount_text": "ZGRABITE PRILOŽNOST!",
    "discount_percentage": null,
    "discount_has_star": false,
    "show_discount": false,
    "show_percentage": false,
    "from_recommended_price": false,
    "availability_indicator": 0,
    "online_available": false,
    "min_orderable_quantity": 1,
    "orderable_quantities": [],
    "badge_texts": [
      "V trgovini od 10.07. do 16.07."
    ],
    "badge_types": [
      "IN_STORE_FROM_FUTURE_DATE_RANGE"
    ],
    "main_image": "https://imgproxy-retcat.assets.schwarz/Aql6-lvj5aFqrV7S-HR83jdqwMjIgi9EknDOsLk25HU/sm:1/w:427/h:320/cz/M6Ly9wcm9kLWNhd/GFsb2ctbWVkaWEvc2kvMS80MzVFNkNFMzY2MjcwRUM4QTA4RUFEMEE/4RUE4NDBBMDhCQjg2NTQ1Nzc3QkM4MDhCOTBFRTI1QzVEMjhEQ0FBLmpwZw.jpg",
    "image_list": [
      "https://imgproxy-retcat.assets.schwarz/Aql6-lvj5aFqrV7S-HR83jdqwMjIgi9EknDOsLk25HU/sm:1/w:427/h:320/cz/M6Ly9wcm9kLWNhd/GFsb2ctbWVkaWEvc2kvMS80MzVFNkNFMzY2MjcwRUM4QTA4RUFEMEE/4RUE4NDBBMDhCQjg2NTQ1Nzc3QkM4MDhCOTBFRTI1QzVEMjhEQ0FBLmpwZw.jpg"
    ],
    "image_accessibility": "Steklenica ledeni čaj Jana breskev.",
    "detailed_images": [
      {
        "url": "https://imgproxy-retcat.assets.schwarz/Aql6-lvj5aFqrV7S-HR83jdqwMjIgi9EknDOsLk25HU/sm:1/w:427/h:320/cz/M6Ly9wcm9kLWNhd/GFsb2ctbWVkaWEvc2kvMS80MzVFNkNFMzY2MjcwRUM4QTA4RUFEMEE/4RUE4NDBBMDhCQjg2NTQ1Nzc3QkM4MDhCOTBFRTI1QzVEMjhEQ0FBLmpwZw.jpg",
        "accessibility": "Steklenica ledeni čaj Jana breskev."
      }
    ],
    "analytics_category": "Food",
    "more_details": "Dodatne podrobnosti o izdelku",
    "won_category_primary": "Svetovi potreb/Hrana in bližnja hrana/Pijače",
    "won_category_primary_path": "0/17/1720",
    "canonical_path": "/p/jana-ledeni-caj/p10082702",
    "canonical_url": "/p/jana-ledeni-caj/p10082702",
    "awards": [],
    "seals": [],
    "ribbons": [],
    "highlighted_seals": 0,
    "lidl_plus": [],
    "regions": [],
    "ians": [
      "6902582"
    ],
    "show_brand": true,
    "deal_of_day_active": false,
    "full_title_meta": "JANA Ledeni čaj",
    "lists": [
      4991
    ],
    "preview": false,
    "category_breadcrumbs": [
      {
        "id": "10068374",
        "name": "Hrana in pijača",
        "url": "/c/hrana-in-pijaca/s10068374",
        "hidden": false
      },
      {
        "id": "10071022",
        "name": "Pijače",
        "url": "/h/pijace/h10071022",
        "hidden": false
      }
    ],
    "campaigns": [
      {
        "id": "Current_Sales_Week",
        "name": "Ta teden",
        "url": null,
        "hidden": false
      },
      {
        "id": "10075258",
        "name": "Tvoja Lidl cena",
        "url": "/c/tvoja-lidl-cena/a10075258",
        "hidden": false
      }
    ],
    "world_of_needs_code": "1720",
    "world_of_needs_name": "Pijače",
    "world_of_needs_parent": "17",
    "is_main_category": true,
    "super_categories": [
      {
        "code": "17",
        "name": "Hrana in bližnja hrana",
        "parent": "0"
      },
      {
        "code": "0",
        "name": "Svetovi potreb",
        "parent": ""
      }
    ],
    "position": 292,
    "tracking_payload": {
      "searchTrackingMasterId": "Product.10082702",
      "searchTrackingTitle": "Ledeni+%C4%8Daj",
      "searchTrackingPageSize": 100,
      "searchTrackingPage": 3,
      "searchTrackingEvent": "click",
      "list": "search",
      "searchTrackingId": "Product.10082702",
      "searchTrackingOrigPos": 1,
      "searchTrackingPos": 292,
      "searchTrackingOrigPageSize": 100,
      "searchTrackingChannel": "SI",
      "category": "Food"
    }
  },
  {
    "code": "10076434",
    "name": "Margarina z oljčnim oljem",
    "url": "",
    "result_class": "product",
    "type": "product",
    "product_id": 10076434,
    "erp_number": "10076434",
    "item_id": 10076434,
    "full_title": "VITA D'OR Margarina z oljčnim oljem",
    "title": "Margarina z oljčnim oljem",
    "category": "Food",
    "product_type": "RETAIL",
    "age_restriction": false,
    "is_used_product": false,
    "multipack": false,
    "online": false,
    "store": true,
    "quick_add_to_cart": false,
    "flash_sales": false,
    "having_videos": false,
    "having_threesixty": false,
    "price": 1.29,
    "old_price": 1.45,
    "currency_code": "EUR",
    "currency_symbol": "€",
    "has_star": true,
    "has_vat": false,
    "price_theme": "white_red",
    "variants_have_different_prices": false,
    "base_price_text": "1 kg = 5.16",
    "base_price_prefix": false,
    "packaging_text": "250 g",
    "discount_deleted_price": 1.45,
    "discount_text": "- 11 %",
    "discount_percentage": 11,
    "discount_has_star": false,
    "show_discount": true,
    "show_percentage": true,
    "from_recommended_price": false,
    "availability_indicator": 0,
    "online_available": false,
    "min_orderable_quantity": 1,
    "orderable_quantities": [],
    "badge_texts": [
      "V trgovini od 21.04."
    ],
    "badge_types": [
      "IN_STORE_FROM_DATE_PAST"
    ],
    "main_image": "https://imgproxy-retcat.assets.schwarz/vcJ5_ye7kIwi1FJyPMkllx43-rZ8DyKvR8RGn42c7X4/sm:1/w:427/h:320/cz/M6Ly9wcm9kLWNhd/GFsb2ctbWVkaWEvaW50LzZFQUJBREExMTQxOUNCMjA0RDI5MDdCNj/M5NkI0NEZFRUM0MTRBQjYxOEE3OUY2OTVGMjZBNzkyNjg3ODMzNTcucG5n.png",
    "image_list": [
      "https://imgproxy-retcat.assets.schwarz/vcJ5_ye7kIwi1FJyPMkllx43-rZ8DyKvR8RGn42c7X4/sm:1/w:427/h:320/cz/M6Ly9wcm9kLWNhd/GFsb2ctbWVkaWEvaW50LzZFQUJBREExMTQxOUNCMjA0RDI5MDdCNj/M5NkI0NEZFRUM0MTRBQjYxOEE3OUY2OTVGMjZBNzkyNjg3ODMzNTcucG5n.png"
    ],
    "image_accessibility": "VitaDór: Pomanjšano maščobna margarina z olivnim oljem, vitaminoma A in D.",
    "detailed_images": [
      {
        "url": "https://imgproxy-retcat.assets.schwarz/vcJ5_ye7kIwi1FJyPMkllx43-rZ8DyKvR8RGn42c7X4/sm:1/w:427/h:320/cz/M6Ly9wcm9kLWNhd/GFsb2ctbWVkaWEvaW50LzZFQUJBREExMTQxOUNCMjA0RDI5MDdCNj/M5NkI0NEZFRUM0MTRBQjYxOEE3OUY2OTVGMjZBNzkyNjg3ODMzNTcucG5n.png",
        "accessibility": "VitaDór: Pomanjšano maščobna margarina z olivnim oljem, vitaminoma A in D."
      }
    ],
    "analytics_category": "Food",
    "more_details": "Dodatne podrobnosti o izdelku",
    "won_category_primary": "Svetovi potreb/Hrana in bližnja hrana/Maščobe, olja, kis in konzerve",
    "won_category_primary_path": "0/17/1735",
    "canonical_path": "/p/vita-d-or-margarina-z-oljcnim-oljem/p10076434",
    "canonical_url": "/p/vita-d-or-margarina-z-oljcnim-oljem/p10076434",
    "awards": [],
    "seals": [
      {
        "altText": "Nalepka: Hlajeno",
        "image": "https://imgproxy-retcat.assets.schwarz/7x3Iby7aD19hFySDnP2YoXt7E1r0JrvJVj0QO1gUOes/sm:1/w:140/cz/M6Ly9wcm9kLWNhd/GFsb2ctbWVkaWEvc2kvMi8xMzFBN0E2RDlCREZGREQxOEE2OTFDNEZ/FNDE5RTM0QUMxQjY4OEQ0OUY2QTAxMTRDRjQ1RjdCNTNDRjM2NUJBLnBuZw.png"
      }
    ],
    "ribbons": [],
    "highlighted_seals": 0,
    "lidl_plus": [],
    "regions": [],
    "ians": [
      "146969"
    ],
    "show_brand": true,
    "deal_of_day_active": false,
    "full_title_meta": "VITA D'OR Margarina z oljčnim oljem",
    "lists": [
      1651
    ],
    "preview": false,
    "category_breadcrumbs": [
      {
        "id": "10068374",
        "name": "Hrana in pijača",
        "url": "/c/hrana-in-pijaca/s10068374",
        "hidden": false
      },
      {
        "id": "10071681",
        "name": "Maščobe, olja, kis in konzerve",
        "url": "/h/mascobe-olja-kis-in-konzerve/h10071681",
        "hidden": false
      }
    ],
    "campaigns": [
      {
        "id": "Current_Sales_Week",
        "name": "Ta teden",
        "url": null,
        "hidden": false
      },
      {
        "id": "10025137",
        "name": "Znižano vsaj tri mesece",
        "url": "/c/znizano-vsaj-tri-mesece/a10025137",
        "hidden": false
      }
    ],
    "world_of_needs_code": "1735",
    "world_of_needs_name": "Maščobe, olja, kis in konzerve",
    "world_of_needs_parent": "17",
    "is_main_category": true,
    "super_categories": [
      {
        "code": "17",
        "name": "Hrana in bližnja hrana",
        "parent": "0"
      },
      {
        "code": "0",
        "name": "Svetovi potreb",
        "parent": ""
      }
    ],
    "position": 293,
    "tracking_payload": {
      "searchTrackingMasterId": "Product.10076434",
      "searchTrackingTitle": "Margarina+z+olj%C4%8Dnim+oljem",
      "searchTrackingPageSize": 100,
      "searchTrackingPage": 3,
      "searchTrackingEvent": "click",
      "list": "search",
      "searchTrackingId": "Product.10076434",
      "searchTrackingOrigPos": 1,
      "searchTrackingPos": 293,
      "searchTrackingOrigPageSize": 100,
      "searchTrackingChannel": "SI",
      "category": "Food"
    }
  },
  {
    "code": "10077909",
    "name": "LCA jogurt z žiti",
    "url": "",
    "result_class": "product",
    "type": "product",
    "product_id": 10077909,
    "erp_number": "10077909",
    "item_id": 10077909,
    "full_title": "ZELENE DOLINE LCA jogurt z žiti",
    "title": "LCA jogurt z žiti",
    "category": "Food",
    "product_type": "RETAIL",
    "age_restriction": false,
    "is_used_product": false,
    "multipack": false,
    "online": false,
    "store": true,
    "quick_add_to_cart": false,
    "flash_sales": false,
    "having_videos": false,
    "having_threesixty": false,
    "price": 0.89,
    "old_price": 0.99,
    "currency_code": "EUR",
    "currency_symbol": "€",
    "has_star": true,
    "has_vat": false,
    "price_theme": "white_red",
    "variants_have_different_prices": false,
    "base_price_text": "1 kg = 4.94",
    "base_price_prefix": false,
    "packaging_text": "180 g",
    "discount_deleted_price": 0.99,
    "discount_text": "- 10 %",
    "discount_percentage": 10,
    "discount_has_star": false,
    "show_discount": true,
    "show_percentage": true,
    "from_recommended_price": false,
    "availability_indicator": 0,
    "online_available": false,
    "min_orderable_quantity": 1,
    "orderable_quantities": [],
    "badge_texts": [
      "V trgovini od 08.05."
    ],
    "badge_types": [
      "IN_STORE_FROM_DATE_PAST"
    ],
    "main_image": "https://imgproxy-retcat.assets.schwarz/WSTQWiD0z58HY-98pqyRuOC3OY8ZQL9jBvyDlXyrgnE/sm:1/w:427/h:320/cz/M6Ly9wcm9kLWNhd/GFsb2ctbWVkaWEvaW50LzY1QkI1OTQzRDA1NEY0QTQ4OEM0QkUwNE/U0M0EyOENGQzdFQTlDNTY4M0QyN0FCM0I4MTE0RUMzQzJFMDVCNTMucG5n.png",
    "image_list": [
      "https://imgproxy-retcat.assets.schwarz/WSTQWiD0z58HY-98pqyRuOC3OY8ZQL9jBvyDlXyrgnE/sm:1/w:427/h:320/cz/M6Ly9wcm9kLWNhd/GFsb2ctbWVkaWEvaW50LzY1QkI1OTQzRDA1NEY0QTQ4OEM0QkUwNE/U0M0EyOENGQzdFQTlDNTY4M0QyN0FCM0I4MTE0RUMzQzJFMDVCNTMucG5n.png"
    ],
    "image_accessibility": "Jogurt LCA Žita v skodelici s sliko žit.",
    "detailed_images": [
      {
        "url": "https://imgproxy-retcat.assets.schwarz/WSTQWiD0z58HY-98pqyRuOC3OY8ZQL9jBvyDlXyrgnE/sm:1/w:427/h:320/cz/M6Ly9wcm9kLWNhd/GFsb2ctbWVkaWEvaW50LzY1QkI1OTQzRDA1NEY0QTQ4OEM0QkUwNE/U0M0EyOENGQzdFQTlDNTY4M0QyN0FCM0I4MTE0RUMzQzJFMDVCNTMucG5n.png",
        "accessibility": "Jogurt LCA Žita v skodelici s sliko žit."
      }
    ],
    "analytics_category": "Food",
    "more_details": "Dodatne podrobnosti o izdelku",
    "won_category_primary": "Svetovi potreb/Hrana in bližnja hrana/Sir in mlečni izdelki (vključno z maslom in sirom)",
    "won_category_primary_path": "0/17/1718",
    "canonical_path": "/p/zelene-doline-lca-jogurt-z-ziti/p10077909",
    "canonical_url": "/p/zelene-doline-lca-jogurt-z-ziti/p10077909",
    "awards": [],
    "seals": [
      {
        "altText": "Nalepka: IZBRANA KAKOVOST, dva diamanti",
        "image": "https://imgproxy-retcat.assets.schwarz/wtd5_GfhfuyCgNwAfOv49gnGT4Rn6TY8NjywUVGixAk/sm:1/w:140/cz/M6Ly9wcm9kLWNhd/GFsb2ctbWVkaWEvc2kvMi9ERjg3RTE1MjgwMUFGRjI2RTRDNEZCMTc/zMkQ1NjRFODNBNzZEN0IxNUQ5MDY2Q0U4RDAxMEY5MTUzMzkyQjRCLnBuZw.png"
      },
      {
        "altText": "Nalepka: Hlajeno",
        "image": "https://imgproxy-retcat.assets.schwarz/7x3Iby7aD19hFySDnP2YoXt7E1r0JrvJVj0QO1gUOes/sm:1/w:140/cz/M6Ly9wcm9kLWNhd/GFsb2ctbWVkaWEvc2kvMi8xMzFBN0E2RDlCREZGREQxOEE2OTFDNEZ/FNDE5RTM0QUMxQjY4OEQ0OUY2QTAxMTRDRjQ1RjdCNTNDRjM2NUJBLnBuZw.png"
      }
    ],
    "ribbons": [],
    "highlighted_seals": 0,
    "lidl_plus": [],
    "regions": [],
    "ians": [
      "7302834"
    ],
    "show_brand": true,
    "deal_of_day_active": false,
    "full_title_meta": "ZELENE DOLINE LCA jogurt z žiti",
    "lists": [
      1651
    ],
    "preview": false,
    "category_breadcrumbs": [
      {
        "id": "10068374",
        "name": "Hrana in pijača",
        "url": "/c/hrana-in-pijaca/s10068374",
        "hidden": false
      },
      {
        "id": "10071017",
        "name": " Sir &  Mlečni izdelki",
        "url": "/h/sir-mlecni-izdelki/h10071017",
        "hidden": false
      }
    ],
    "campaigns": [
      {
        "id": "Current_Sales_Week",
        "name": "Ta teden",
        "url": null,
        "hidden": false
      },
      {
        "id": "10025137",
        "name": "Znižano vsaj tri mesece",
        "url": "/c/znizano-vsaj-tri-mesece/a10025137",
        "hidden": false
      }
    ],
    "world_of_needs_code": "1718",
    "world_of_needs_name": "Sir in mlečni izdelki (vključno z maslom in sirom)",
    "world_of_needs_parent": "17",
    "is_main_category": true,
    "super_categories": [
      {
        "code": "17",
        "name": "Hrana in bližnja hrana",
        "parent": "0"
      },
      {
        "code": "0",
        "name": "Svetovi potreb",
        "parent": ""
      }
    ],
    "position": 294,
    "tracking_payload": {
      "searchTrackingMasterId": "Product.10077909",
      "searchTrackingTitle": "LCA+jogurt+z+%C5%BEiti",
      "searchTrackingPageSize": 100,
      "searchTrackingPage": 3,
      "searchTrackingEvent": "click",
      "list": "search",
      "searchTrackingId": "Product.10077909",
      "searchTrackingOrigPos": 1,
      "searchTrackingPos": 294,
      "searchTrackingOrigPageSize": 100,
      "searchTrackingChannel": "SI",
      "category": "Food"
    }
  },
  {
    "code": "10079429",
    "name": "Zobna krema",
    "url": "",
    "result_class": "product",
    "type": "product",
    "product_id": 10079429,
    "erp_number": "10079429",
    "item_id": 10079429,
    "full_title": "DENTALUX Zobna krema",
    "title": "Zobna krema",
    "category": "Food",
    "product_type": "RETAIL",
    "age_restriction": false,
    "is_used_product": false,
    "multipack": false,
    "online": false,
    "store": true,
    "quick_add_to_cart": false,
    "flash_sales": false,
    "having_videos": false,
    "having_threesixty": false,
    "price": 0.89,
    "old_price": 0.99,
    "currency_code": "EUR",
    "currency_symbol": "€",
    "has_star": true,
    "has_vat": false,
    "price_theme": "white_red",
    "variants_have_different_prices": false,
    "base_price_text": "1 l = 7.12",
    "base_price_prefix": false,
    "packaging_text": "125 ml",
    "discount_deleted_price": 0.99,
    "discount_text": "- 10 %",
    "discount_percentage": 10,
    "discount_has_star": false,
    "show_discount": true,
    "show_percentage": true,
    "from_recommended_price": false,
    "availability_indicator": 0,
    "online_available": false,
    "min_orderable_quantity": 1,
    "orderable_quantities": [],
    "badge_texts": [
      "V trgovini od 22.05."
    ],
    "badge_types": [
      "IN_STORE_FROM_DATE_PAST"
    ],
    "main_image": "https://imgproxy-retcat.assets.schwarz/MYftvmbeVmbiE8brU5q6cqLZdNngzbbXHqq5kQBKyzI/sm:1/w:427/h:320/cz/M6Ly9wcm9kLWNhd/GFsb2ctbWVkaWEvaW50LzQ3MjI1RUMyMzZGQjkxMTIyQTAzQjI3OT/hGNkJGMTI0MEE4MjNCRkE5QkFBMEYzNEM0NjZEMjI5OTNCRDlCRjUucG5n.png",
    "image_list": [
      "https://imgproxy-retcat.assets.schwarz/MYftvmbeVmbiE8brU5q6cqLZdNngzbbXHqq5kQBKyzI/sm:1/w:427/h:320/cz/M6Ly9wcm9kLWNhd/GFsb2ctbWVkaWEvaW50LzQ3MjI1RUMyMzZGQjkxMTIyQTAzQjI3OT/hGNkJGMTI0MEE4MjNCRkE5QkFBMEYzNEM0NjZEMjI5OTNCRDlCRjUucG5n.png",
      "https://imgproxy-retcat.assets.schwarz/cW8iaCzUdnCC815B0e2FXTrZbc4k91Rf7FuR0-SYUSE/sm:1/w:427/h:320/cz/M6Ly9wcm9kLWNhd/GFsb2ctbWVkaWEvaW50LzkwNDA2Q0U5NkEzNjAyQ0I5MkRGNDNBOD/gzQ0NBOTY5OEJCRDQ1RDUxQ0YxOTQ2MEQwODBDMjQ3NkZBOTAwRkIucG5n.png"
    ],
    "image_accessibility": "Zobna pasta Dentalux, zaščita dlesni s cinkom.",
    "detailed_images": [
      {
        "url": "https://imgproxy-retcat.assets.schwarz/MYftvmbeVmbiE8brU5q6cqLZdNngzbbXHqq5kQBKyzI/sm:1/w:427/h:320/cz/M6Ly9wcm9kLWNhd/GFsb2ctbWVkaWEvaW50LzQ3MjI1RUMyMzZGQjkxMTIyQTAzQjI3OT/hGNkJGMTI0MEE4MjNCRkE5QkFBMEYzNEM0NjZEMjI5OTNCRDlCRjUucG5n.png",
        "accessibility": "Zobna pasta Dentalux, zaščita dlesni s cinkom."
      },
      {
        "url": "https://imgproxy-retcat.assets.schwarz/cW8iaCzUdnCC815B0e2FXTrZbc4k91Rf7FuR0-SYUSE/sm:1/w:427/h:320/cz/M6Ly9wcm9kLWNhd/GFsb2ctbWVkaWEvaW50LzkwNDA2Q0U5NkEzNjAyQ0I5MkRGNDNBOD/gzQ0NBOTY5OEJCRDQ1RDUxQ0YxOTQ2MEQwODBDMjQ3NkZBOTAwRkIucG5n.png",
        "accessibility": "Dentlux zobna pasta za močne zobe z aminofluoridom."
      }
    ],
    "analytics_category": "Food",
    "more_details": "Dodatne podrobnosti o izdelku",
    "won_category_primary": "Svetovi potreb/Hrana in bližnja hrana/Drogerija - higiena, otroška hrana, kozmetika, čistila",
    "won_category_primary_path": "0/17/1723",
    "canonical_path": "/p/dentalux-zobna-krema/p10079429",
    "canonical_url": "/p/dentalux-zobna-krema/p10079429",
    "awards": [],
    "seals": [],
    "ribbons": [],
    "highlighted_seals": 0,
    "lidl_plus": [],
    "regions": [],
    "ians": [
      "38752"
    ],
    "show_brand": true,
    "deal_of_day_active": false,
    "full_title_meta": "DENTALUX Zobna krema",
    "lists": [
      1651
    ],
    "preview": false,
    "category_breadcrumbs": [
      {
        "id": "10068374",
        "name": "Hrana in pijača",
        "url": "/c/hrana-in-pijaca/s10068374",
        "hidden": false
      },
      {
        "id": "10071019",
        "name": "Osebna nega",
        "url": "/h/osebna-nega/h10071019",
        "hidden": false
      }
    ],
    "campaigns": [
      {
        "id": "Current_Sales_Week",
        "name": "Ta teden",
        "url": null,
        "hidden": false
      },
      {
        "id": "10025137",
        "name": "Znižano vsaj tri mesece",
        "url": "/c/znizano-vsaj-tri-mesece/a10025137",
        "hidden": false
      }
    ],
    "world_of_needs_code": "1723",
    "world_of_needs_name": "Drogerija - higiena, otroška hrana, kozmetika, čistila",
    "world_of_needs_parent": "17",
    "is_main_category": true,
    "super_categories": [
      {
        "code": "17",
        "name": "Hrana in bližnja hrana",
        "parent": "0"
      },
      {
        "code": "0",
        "name": "Svetovi potreb",
        "parent": ""
      }
    ],
    "position": 295,
    "tracking_payload": {
      "searchTrackingMasterId": "Product.10079429",
      "searchTrackingTitle": "Zobna+krema",
      "searchTrackingPageSize": 100,
      "searchTrackingPage": 3,
      "searchTrackingEvent": "click",
      "list": "search",
      "searchTrackingId": "Product.10079429",
      "searchTrackingOrigPos": 1,
      "searchTrackingPos": 295,
      "searchTrackingOrigPageSize": 100,
      "searchTrackingChannel": "SI",
      "category": "Food"
    }
  },
  {
    "code": "10075339",
    "name": "Mini mix sladoled",
    "url": "",
    "result_class": "product",
    "type": "product",
    "product_id": 10075339,
    "erp_number": "10075339",
    "item_id": 10075339,
    "full_title": "BON GELATI Mini mix sladoled",
    "title": "Mini mix sladoled",
    "category": "Food",
    "product_type": "RETAIL",
    "age_restriction": false,
    "is_used_product": false,
    "multipack": false,
    "online": false,
    "store": true,
    "quick_add_to_cart": false,
    "flash_sales": false,
    "having_videos": false,
    "having_threesixty": false,
    "price": null,
    "old_price": null,
    "currency_code": "EUR",
    "currency_symbol": "€",
    "has_star": true,
    "has_vat": false,
    "price_theme": null,
    "variants_have_different_prices": false,
    "base_price_text": null,
    "base_price_prefix": null,
    "packaging_text": null,
    "discount_deleted_price": null,
    "discount_text": null,
    "discount_percentage": null,
    "discount_has_star": null,
    "show_discount": null,
    "show_percentage": null,
    "from_recommended_price": null,
    "availability_indicator": 0,
    "online_available": false,
    "min_orderable_quantity": 1,
    "orderable_quantities": [],
    "badge_texts": [
      "V trgovini od 03.07. do 09.07."
    ],
    "badge_types": [
      "IN_STORE_PAST_DATE_RANGE"
    ],
    "main_image": "https://imgproxy-retcat.assets.schwarz/lDIGjtTjEG2cCUrWT08tRMDnHvlCbViOQnLbvrLQEuw/sm:1/w:427/h:320/cz/M6Ly9wcm9kLWNhd/GFsb2ctbWVkaWEvc2kvMS81MEU5ODlGODk4MzAwN0UwM0NDRUYyNDJ/ENkY3RjY0ODExMkVERDYzMDRBQzMyM0RGNzQzRDUwQzQ1QUZDMTNCLmpwZw.jpg",
    "image_list": [
      "https://imgproxy-retcat.assets.schwarz/lDIGjtTjEG2cCUrWT08tRMDnHvlCbViOQnLbvrLQEuw/sm:1/w:427/h:320/cz/M6Ly9wcm9kLWNhd/GFsb2ctbWVkaWEvc2kvMS81MEU5ODlGODk4MzAwN0UwM0NDRUYyNDJ/ENkY3RjY0ODExMkVERDYzMDRBQzMyM0RGNzQzRDUwQzQ1QUZDMTNCLmpwZw.jpg"
    ],
    "image_accessibility": "Dve škatli mini palačink, ena z belim in ena s čokoladnim nadevom.",
    "detailed_images": [
      {
        "url": "https://imgproxy-retcat.assets.schwarz/lDIGjtTjEG2cCUrWT08tRMDnHvlCbViOQnLbvrLQEuw/sm:1/w:427/h:320/cz/M6Ly9wcm9kLWNhd/GFsb2ctbWVkaWEvc2kvMS81MEU5ODlGODk4MzAwN0UwM0NDRUYyNDJ/ENkY3RjY0ODExMkVERDYzMDRBQzMyM0RGNzQzRDUwQzQ1QUZDMTNCLmpwZw.jpg",
        "accessibility": "Dve škatli mini palačink, ena z belim in ena s čokoladnim nadevom."
      }
    ],
    "analytics_category": "Food",
    "more_details": "Dodatne podrobnosti o izdelku",
    "won_category_primary": "Svetovi potreb/Hrana in bližnja hrana/Prigrizki in slaščice",
    "won_category_primary_path": "0/17/1721",
    "canonical_path": "/p/bon-gelati-mini-mix-sladoled/p10075339",
    "canonical_url": "/p/bon-gelati-mini-mix-sladoled/p10075339",
    "awards": [],
    "seals": [
      {
        "altText": "Logotip Lidl Plus",
        "image": "https://imgproxy-retcat.assets.schwarz/DjNLhjIEpHeUFO-WYf3wploAS16YAf6tVgt5EMshyFs/sm:1/w:140/cz/M6Ly9wcm9kLWNhd/GFsb2ctbWVkaWEvc2kvMi9BMEU2QkJCNEZCQTZENzlEQ0MzRDRFOEM/2REREODBCRjMwQUNFQjJBMDBGREI4RjI1M0Y3MDYzOTFFMTg3RUVGLnBuZw.png"
      },
      {
        "altText": "Žig Rainforest Alliance: Ljudje & Narava",
        "image": "https://imgproxy-retcat.assets.schwarz/lbMCis-jGZQNzMXk3WVad3uyJkZ4j8S3P-DyZdCd0KE/sm:1/w:140/cz/M6Ly9wcm9kLWNhd/GFsb2ctbWVkaWEvc2kvMi9FNjBFQjg3QzI4NzMzREE2NTY4NzA1OUN/EMUZDNkVCNUEwMkQxODZDNkQ0MUNFMjVDREJCMjdGNThDRDhGNEJBLnBuZw.png"
      }
    ],
    "ribbons": [],
    "highlighted_seals": 0,
    "lidl_plus": [
      {
        "price": {
          "basePrice": {
            "prefix": false,
            "text": "1 l = 4.65"
          },
          "discount": {
            "deletedPrice": 3.79,
            "discountHasStar": false,
            "discountText": "- 26 %",
            "fromRecommendedPrice": false,
            "showDiscount": true,
            "showFrom": false,
            "showPercentage": true,
            "showUpTo": false
          },
          "displayedCurrency": "€",
          "hasStar": true,
          "hasVat": false,
          "oldPrice": 3.79,
          "packaging": {
            "text": "12 x 50 ml"
          },
          "price": 2.79,
          "priceTheme": "red_yellow",
          "specialTaxes": []
        },
        "lidlPlusText": "z Lidl Plus",
        "highlightText": "- 26 %"
      }
    ],
    "regions": [],
    "ians": [
      "27551"
    ],
    "show_brand": true,
    "deal_of_day_active": false,
    "full_title_meta": "BON GELATI Mini mix sladoled",
    "lists": [
      4986
    ],
    "preview": false,
    "category_breadcrumbs": [
      {
        "id": "10068374",
        "name": "Hrana in pijača",
        "url": "/c/hrana-in-pijaca/s10068374",
        "hidden": false
      },
      {
        "id": "10071044",
        "name": "Prigrizki in sladkarije",
        "url": "/h/prigrizki-in-sladkarije/h10071044",
        "hidden": false
      }
    ],
    "campaigns": [
      {
        "id": "Current_Sales_Week",
        "name": "Ta teden",
        "url": null,
        "hidden": false
      },
      {
        "id": "10024188",
        "name": "Lidl Plus",
        "url": "/c/lidl-plus/a10024188",
        "hidden": false
      }
    ],
    "world_of_needs_code": "1721",
    "world_of_needs_name": "Prigrizki in slaščice",
    "world_of_needs_parent": "17",
    "is_main_category": true,
    "super_categories": [
      {
        "code": "17",
        "name": "Hrana in bližnja hrana",
        "parent": "0"
      },
      {
        "code": "0",
        "name": "Svetovi potreb",
        "parent": ""
      }
    ],
    "position": 296,
    "tracking_payload": {
      "searchTrackingMasterId": "Product.10075339",
      "searchTrackingTitle": "Mini+mix+sladoled",
      "searchTrackingPageSize": 100,
      "searchTrackingPage": 3,
      "searchTrackingEvent": "click",
      "list": "search",
      "searchTrackingId": "Product.10075339",
      "searchTrackingOrigPos": 1,
      "searchTrackingPos": 296,
      "searchTrackingOrigPageSize": 100,
      "searchTrackingChannel": "SI",
      "category": "Food"
    }
  },
  {
    "code": "10077767",
    "name": "Sladoled Tropic mix",
    "url": "",
    "result_class": "product",
    "type": "product",
    "product_id": 10077767,
    "erp_number": "10077767",
    "item_id": 10077767,
    "full_title": "GELATELLI Sladoled Tropic mix",
    "title": "Sladoled Tropic mix",
    "category": "Food",
    "product_type": "RETAIL",
    "age_restriction": false,
    "is_used_product": false,
    "multipack": false,
    "online": false,
    "store": true,
    "quick_add_to_cart": false,
    "flash_sales": false,
    "having_videos": false,
    "having_threesixty": false,
    "price": 3.99,
    "old_price": 0.0,
    "currency_code": "EUR",
    "currency_symbol": "€",
    "has_star": true,
    "has_vat": false,
    "price_theme": "white_red",
    "variants_have_different_prices": false,
    "base_price_text": "1 l = 2.42",
    "base_price_prefix": false,
    "packaging_text": "1650 ml",
    "discount_deleted_price": null,
    "discount_text": "ZGRABITE PRILOŽNOST!",
    "discount_percentage": null,
    "discount_has_star": false,
    "show_discount": false,
    "show_percentage": false,
    "from_recommended_price": false,
    "availability_indicator": 0,
    "online_available": false,
    "min_orderable_quantity": 1,
    "orderable_quantities": [],
    "badge_texts": [
      "V trgovini od 03.07. do 09.07."
    ],
    "badge_types": [
      "IN_STORE_PAST_DATE_RANGE"
    ],
    "main_image": "https://imgproxy-retcat.assets.schwarz/ypK-pbRsqvGS7hB0DDq_belUMapIRPOU7y7-rb_SChI/sm:1/w:427/h:320/cz/M6Ly9wcm9kLWNhd/GFsb2ctbWVkaWEvc2kvMS80MkIwNUM2NDJERkQ1QzY2NUNBNzRBOEQ/2RDA1QTRFMTIyMjJFOUNCNkVEOENCOTJBQTY2RkMzNDQyMjU0OTZELmpwZw.jpg",
    "image_list": [
      "https://imgproxy-retcat.assets.schwarz/ypK-pbRsqvGS7hB0DDq_belUMapIRPOU7y7-rb_SChI/sm:1/w:427/h:320/cz/M6Ly9wcm9kLWNhd/GFsb2ctbWVkaWEvc2kvMS80MkIwNUM2NDJERkQ1QzY2NUNBNzRBOEQ/2RDA1QTRFMTIyMjJFOUNCNkVEOENCOTJBQTY2RkMzNDQyMjU0OTZELmpwZw.jpg"
    ],
    "image_accessibility": "Škatlica sladkarij Celin Tropic Mix z okusom kokosa, manga in drugih tropskih sadežev.",
    "detailed_images": [
      {
        "url": "https://imgproxy-retcat.assets.schwarz/ypK-pbRsqvGS7hB0DDq_belUMapIRPOU7y7-rb_SChI/sm:1/w:427/h:320/cz/M6Ly9wcm9kLWNhd/GFsb2ctbWVkaWEvc2kvMS80MkIwNUM2NDJERkQ1QzY2NUNBNzRBOEQ/2RDA1QTRFMTIyMjJFOUNCNkVEOENCOTJBQTY2RkMzNDQyMjU0OTZELmpwZw.jpg",
        "accessibility": "Škatlica sladkarij Celin Tropic Mix z okusom kokosa, manga in drugih tropskih sadežev."
      }
    ],
    "analytics_category": "Food",
    "more_details": "Dodatne podrobnosti o izdelku",
    "won_category_primary": "Svetovi potreb/Hrana in bližnja hrana/Zamrznjena hrana (Zamrznjena hrana)",
    "won_category_primary_path": "0/17/1716",
    "canonical_path": "/p/gelatelli-sladoled-tropic-mix/p10077767",
    "canonical_url": "/p/gelatelli-sladoled-tropic-mix/p10077767",
    "awards": [],
    "seals": [
      {
        "altText": "Slovenski izdelek",
        "image": "https://imgproxy-retcat.assets.schwarz/065GlWscfuyzRNlqdEjgEaZNE6893872XSglFaanlJA/sm:1/w:140/cz/M6Ly9wcm9kLWNhd/GFsb2ctbWVkaWEvc2kvMi83RTk4NkYyRDk1MTlDRUJBNzA1N0JGMzA/1QjA1NjUyRjVCMjMzNzZGRjY4MzVEREFGQzIwQzE5NDVFQUE5M0RCLnBuZw.png"
      }
    ],
    "ribbons": [],
    "highlighted_seals": 0,
    "lidl_plus": [],
    "regions": [],
    "ians": [
      "31538"
    ],
    "show_brand": true,
    "deal_of_day_active": false,
    "full_title_meta": "GELATELLI Sladoled Tropic mix",
    "lists": [
      4941,
      4986
    ],
    "preview": false,
    "category_breadcrumbs": [
      {
        "id": "10068374",
        "name": "Hrana in pijača",
        "url": "/c/hrana-in-pijaca/s10068374",
        "hidden": false
      },
      {
        "id": "10071049",
        "name": "Zamrznjena hrana",
        "url": "/h/zamrznjena-hrana/h10071049",
        "hidden": false
      }
    ],
    "campaigns": [
      {
        "id": "Current_Sales_Week",
        "name": "Ta teden",
        "url": null,
        "hidden": false
      },
      {
        "id": "10072826",
        "name": "Tvoja osvežitev se začne v Lidlu.",
        "url": "/c/tvoja-osvezitev-se-zacne-v-lidlu/a10072826",
        "hidden": false
      }
    ],
    "world_of_needs_code": "1716",
    "world_of_needs_name": "Zamrznjena hrana (Zamrznjena hrana)",
    "world_of_needs_parent": "17",
    "is_main_category": true,
    "super_categories": [
      {
        "code": "17",
        "name": "Hrana in bližnja hrana",
        "parent": "0"
      },
      {
        "code": "0",
        "name": "Svetovi potreb",
        "parent": ""
      }
    ],
    "position": 297,
    "tracking_payload": {
      "searchTrackingMasterId": "Product.10077767",
      "searchTrackingTitle": "Sladoled+Tropic+mix",
      "searchTrackingPageSize": 100,
      "searchTrackingPage": 3,
      "searchTrackingEvent": "click",
      "list": "search",
      "searchTrackingId": "Product.10077767",
      "searchTrackingOrigPos": 1,
      "searchTrackingPos": 297,
      "searchTrackingOrigPageSize": 100,
      "searchTrackingChannel": "SI",
      "category": "Food"
    }
  },
  {
    "code": "10080640",
    "name": "Svetlo pivo",
    "url": "",
    "result_class": "product",
    "type": "product",
    "product_id": 10080640,
    "erp_number": "10080640",
    "item_id": 10080640,
    "full_title": "ESTRELLA DAMM Svetlo pivo",
    "title": "Svetlo pivo",
    "category": "Food",
    "product_type": "RETAIL",
    "age_restriction": false,
    "is_used_product": false,
    "multipack": false,
    "online": false,
    "store": true,
    "quick_add_to_cart": false,
    "flash_sales": false,
    "having_videos": false,
    "having_threesixty": false,
    "price": 0.89,
    "old_price": 0.0,
    "currency_code": "EUR",
    "currency_symbol": "€",
    "has_star": true,
    "has_vat": false,
    "price_theme": "white_red",
    "variants_have_different_prices": false,
    "base_price_text": "1 l = 2.70",
    "base_price_prefix": false,
    "packaging_text": "0,33 l",
    "discount_deleted_price": null,
    "discount_text": null,
    "discount_percentage": null,
    "discount_has_star": null,
    "show_discount": null,
    "show_percentage": null,
    "from_recommended_price": null,
    "availability_indicator": 0,
    "online_available": false,
    "min_orderable_quantity": 1,
    "orderable_quantities": [],
    "badge_texts": [
      "V trgovini od 07.07."
    ],
    "badge_types": [
      "IN_STORE_FROM_DATE_TODAY"
    ],
    "main_image": "https://imgproxy-retcat.assets.schwarz/-_6X0v2FT_0JMX5V6ET5EhUPOTd8I-MsdbCnLYAKpgk/sm:1/w:427/h:320/cz/M6Ly9wcm9kLWNhd/GFsb2ctbWVkaWEvc2kvMS83N0RFNkE2NzUwQTkyNEZCRDIwNDJCNEY/3NkM2MTFFRDExREQ4NDM1Q0FDQzU5QzZDNjEzMjREQjEzMTAxMDVDLmpwZw.jpg",
    "image_list": [
      "https://imgproxy-retcat.assets.schwarz/-_6X0v2FT_0JMX5V6ET5EhUPOTd8I-MsdbCnLYAKpgk/sm:1/w:427/h:320/cz/M6Ly9wcm9kLWNhd/GFsb2ctbWVkaWEvc2kvMS83N0RFNkE2NzUwQTkyNEZCRDIwNDJCNEY/3NkM2MTFFRDExREQ4NDM1Q0FDQzU5QzZDNjEzMjREQjEzMTAxMDVDLmpwZw.jpg"
    ],
    "image_accessibility": "Pločevinasta Estrella Damm pivo.",
    "detailed_images": [
      {
        "url": "https://imgproxy-retcat.assets.schwarz/-_6X0v2FT_0JMX5V6ET5EhUPOTd8I-MsdbCnLYAKpgk/sm:1/w:427/h:320/cz/M6Ly9wcm9kLWNhd/GFsb2ctbWVkaWEvc2kvMS83N0RFNkE2NzUwQTkyNEZCRDIwNDJCNEY/3NkM2MTFFRDExREQ4NDM1Q0FDQzU5QzZDNjEzMjREQjEzMTAxMDVDLmpwZw.jpg",
        "accessibility": "Pločevinasta Estrella Damm pivo."
      }
    ],
    "analytics_category": "Food",
    "more_details": "Dodatne podrobnosti o izdelku",
    "won_category_primary": "Svetovi potreb/Vino in žgane pijače/Pivo",
    "won_category_primary_path": "0/10/1014",
    "canonical_path": "/p/estrella-damm-svetlo-pivo/p10080640",
    "canonical_url": "/p/estrella-damm-svetlo-pivo/p10080640",
    "awards": [],
    "seals": [],
    "ribbons": [],
    "highlighted_seals": 0,
    "lidl_plus": [],
    "regions": [],
    "ians": [
      "7308904"
    ],
    "show_brand": true,
    "deal_of_day_active": false,
    "full_title_meta": "ESTRELLA DAMM Svetlo pivo",
    "lists": [
      4986
    ],
    "preview": false,
    "category_breadcrumbs": [
      {
        "id": "10068374",
        "name": "Hrana in pijača",
        "url": "/c/hrana-in-pijaca/s10068374",
        "hidden": false
      },
      {
        "id": "10071687",
        "name": "Vina in žgane pijače",
        "url": "/h/vina-in-zgane-pijace/h10071687",
        "hidden": false
      }
    ],
    "campaigns": [
      {
        "id": "Current_Sales_Week",
        "name": "Ta teden",
        "url": null,
        "hidden": false
      },
      {
        "id": "10074825",
        "name": "Navdih iberksega polotoka",
        "url": "/c/navdih-iberksega-polotoka/a10074825",
        "hidden": false
      }
    ],
    "world_of_needs_code": "1014",
    "world_of_needs_name": "Pivo",
    "world_of_needs_parent": "10",
    "is_main_category": true,
    "super_categories": [
      {
        "code": "10",
        "name": "Vino in žgane pijače",
        "parent": "0"
      },
      {
        "code": "0",
        "name": "Svetovi potreb",
        "parent": ""
      }
    ],
    "position": 298,
    "tracking_payload": {
      "searchTrackingMasterId": "Product.10080640",
      "searchTrackingTitle": "Svetlo+pivo",
      "searchTrackingPageSize": 100,
      "searchTrackingPage": 3,
      "searchTrackingEvent": "click",
      "list": "search",
      "searchTrackingId": "Product.10080640",
      "searchTrackingOrigPos": 1,
      "searchTrackingPos": 298,
      "searchTrackingOrigPageSize": 100,
      "searchTrackingChannel": "SI",
      "category": "Food"
    }
  },
  {
    "code": "10081825",
    "name": "Vodni sladoled pomaranča",
    "url": "",
    "result_class": "product",
    "type": "product",
    "product_id": 10081825,
    "erp_number": "10081825",
    "item_id": 10081825,
    "full_title": "BON GELATI Vodni sladoled pomaranča",
    "title": "Vodni sladoled pomaranča ",
    "category": "Food",
    "product_type": "RETAIL",
    "age_restriction": false,
    "is_used_product": false,
    "multipack": false,
    "online": false,
    "store": true,
    "quick_add_to_cart": false,
    "flash_sales": false,
    "having_videos": false,
    "having_threesixty": false,
    "price": 0.59,
    "old_price": 0.0,
    "currency_code": "EUR",
    "currency_symbol": "€",
    "has_star": true,
    "has_vat": false,
    "price_theme": "white_red",
    "variants_have_different_prices": false,
    "base_price_text": "1 l = 5.36",
    "base_price_prefix": false,
    "packaging_text": "110 ml",
    "discount_deleted_price": null,
    "discount_text": null,
    "discount_percentage": null,
    "discount_has_star": null,
    "show_discount": null,
    "show_percentage": null,
    "from_recommended_price": null,
    "availability_indicator": 0,
    "online_available": false,
    "min_orderable_quantity": 1,
    "orderable_quantities": [],
    "badge_texts": [
      "V trgovini"
    ],
    "badge_types": [
      "IN_STORE"
    ],
    "main_image": "https://imgproxy-retcat.assets.schwarz/CPtwM3ItC15EU8v6GFdq7oNXdVjo_6ps0NiZSS2emoE/sm:1/w:427/h:320/cz/M6Ly9wcm9kLWNhd/GFsb2ctbWVkaWEvaW50L0YwMUUzQjUzRDhCMTc1NDZCRTg0OEE0Qj/E5RUI1MjREMTEzREMxMEQ5M0U3N0Y2NkMzQ0IzRUQzMEE2QTY2RUQucG5n.png",
    "image_list": [
      "https://imgproxy-retcat.assets.schwarz/CPtwM3ItC15EU8v6GFdq7oNXdVjo_6ps0NiZSS2emoE/sm:1/w:427/h:320/cz/M6Ly9wcm9kLWNhd/GFsb2ctbWVkaWEvaW50L0YwMUUzQjUzRDhCMTc1NDZCRTg0OEE0Qj/E5RUI1MjREMTEzREMxMEQ5M0U3N0Y2NkMzQ0IzRUQzMEE2QTY2RUQucG5n.png"
    ],
    "image_accessibility": null,
    "detailed_images": [
      {
        "url": "https://imgproxy-retcat.assets.schwarz/CPtwM3ItC15EU8v6GFdq7oNXdVjo_6ps0NiZSS2emoE/sm:1/w:427/h:320/cz/M6Ly9wcm9kLWNhd/GFsb2ctbWVkaWEvaW50L0YwMUUzQjUzRDhCMTc1NDZCRTg0OEE0Qj/E5RUI1MjREMTEzREMxMEQ5M0U3N0Y2NkMzQ0IzRUQzMEE2QTY2RUQucG5n.png",
        "accessibility": null
      }
    ],
    "analytics_category": "Food",
    "more_details": "Dodatne podrobnosti o izdelku",
    "won_category_primary": "Svetovi potreb/Hrana in bližnja hrana/Prigrizki in slaščice",
    "won_category_primary_path": "0/17/1721",
    "canonical_path": "/p/bon-gelati-vodni-sladoled-pomaranca/p10081825",
    "canonical_url": "/p/bon-gelati-vodni-sladoled-pomaranca/p10081825",
    "awards": [],
    "seals": [
      {
        "altText": "Znak: Zamrznjeno",
        "image": "https://imgproxy-retcat.assets.schwarz/ayWyw20LfIYJzOhoc4KvR8G0z3S3CSGFD0vHUIK3dgY/sm:1/w:140/cz/M6Ly9wcm9kLWNhd/GFsb2ctbWVkaWEvc2kvMi81NkZCNjYzMzA5NkRFMERFNzUzNEI1ODY/xRDQ4Q0MxRTkxQkUzNUMxOTBGNTAyMURGMjJGODEyQzk0ODhCNTYwLnBuZw.png"
      }
    ],
    "ribbons": [],
    "highlighted_seals": 0,
    "lidl_plus": [],
    "regions": [],
    "ians": [
      "66023"
    ],
    "show_brand": true,
    "deal_of_day_active": false,
    "full_title_meta": "BON GELATI Vodni sladoled pomaranča",
    "lists": [
      16
    ],
    "preview": false,
    "category_breadcrumbs": [
      {
        "id": "10068374",
        "name": "Hrana in pijača",
        "url": "/c/hrana-in-pijaca/s10068374",
        "hidden": false
      },
      {
        "id": "10071044",
        "name": "Prigrizki in sladkarije",
        "url": "/h/prigrizki-in-sladkarije/h10071044",
        "hidden": false
      }
    ],
    "campaigns": [
      {
        "id": "10025136",
        "name": "Novo v ponudbi",
        "url": "/c/novo-v-ponudbi/a10025136",
        "hidden": false
      }
    ],
    "world_of_needs_code": "1721",
    "world_of_needs_name": "Prigrizki in slaščice",
    "world_of_needs_parent": "17",
    "is_main_category": true,
    "super_categories": [
      {
        "code": "17",
        "name": "Hrana in bližnja hrana",
        "parent": "0"
      },
      {
        "code": "0",
        "name": "Svetovi potreb",
        "parent": ""
      }
    ],
    "position": 299,
    "tracking_payload": {
      "searchTrackingMasterId": "Product.10081825",
      "searchTrackingTitle": "Vodni+sladoled+pomaran%C4%8Da",
      "searchTrackingPageSize": 100,
      "searchTrackingPage": 3,
      "searchTrackingEvent": "click",
      "list": "search",
      "searchTrackingId": "Product.10081825",
      "searchTrackingOrigPos": 1,
      "searchTrackingPos": 299,
      "searchTrackingOrigPageSize": 100,
      "searchTrackingChannel": "SI",
      "category": "Food"
    }
  },
  {
    "code": "10081826",
    "name": "Sir cheddar",
    "url": "",
    "result_class": "product",
    "type": "product",
    "product_id": 10081826,
    "erp_number": "10081826",
    "item_id": 10081826,
    "full_title": "DELUXE Sir cheddar",
    "title": "Sir cheddar",
    "category": "Food",
    "product_type": "RETAIL",
    "age_restriction": false,
    "is_used_product": false,
    "multipack": false,
    "online": false,
    "store": true,
    "quick_add_to_cart": false,
    "flash_sales": false,
    "having_videos": false,
    "having_threesixty": false,
    "price": 3.49,
    "old_price": 0.0,
    "currency_code": "EUR",
    "currency_symbol": "€",
    "has_star": true,
    "has_vat": false,
    "price_theme": "white_red",
    "variants_have_different_prices": false,
    "base_price_text": "1 kg = 13.96",
    "base_price_prefix": false,
    "packaging_text": "250 g",
    "discount_deleted_price": null,
    "discount_text": null,
    "discount_percentage": null,
    "discount_has_star": null,
    "show_discount": null,
    "show_percentage": null,
    "from_recommended_price": null,
    "availability_indicator": 0,
    "online_available": false,
    "min_orderable_quantity": 1,
    "orderable_quantities": [],
    "badge_texts": [
      "V trgovini"
    ],
    "badge_types": [
      "IN_STORE"
    ],
    "main_image": "https://imgproxy-retcat.assets.schwarz/3WoCcazhV7g4hHttWTUZWID3D4IgKGkPAr12CY9jRAs/sm:1/w:427/h:320/cz/M6Ly9wcm9kLWNhd/GFsb2ctbWVkaWEvaW50LzYzMjcwQzdCMkNCRTAxMTg4OEJDQkYwRk/E2RjM3N0RERENBNUJENTYxQTJFMDQzMTZEN0Y1Q0UwMjQ4RUU1MzMucG5n.png",
    "image_list": [
      "https://imgproxy-retcat.assets.schwarz/3WoCcazhV7g4hHttWTUZWID3D4IgKGkPAr12CY9jRAs/sm:1/w:427/h:320/cz/M6Ly9wcm9kLWNhd/GFsb2ctbWVkaWEvaW50LzYzMjcwQzdCMkNCRTAxMTg4OEJDQkYwRk/E2RjM3N0RERENBNUJENTYxQTJFMDQzMTZEN0Y1Q0UwMjQ4RUU1MzMucG5n.png",
      "https://imgproxy-retcat.assets.schwarz/Mp2mVN3zfApKneVgJ58VSBsUsBxUHUladYIsTFRziNs/sm:1/w:427/h:320/cz/M6Ly9wcm9kLWNhd/GFsb2ctbWVkaWEvaW50L0VCQUE1ODdEQ0NCRkY1N0VFRjBENURBRk/Y3NDUxMzlDNEU5OUQ5QjNDNkY3QTg0Nzk5MURGQzE5RkM3QUI0QTYucG5n.png",
      "https://imgproxy-retcat.assets.schwarz/mWP-v52hCPU4vPMhm2k7fx5cm_aI91wyvGLI3Pra0y4/sm:1/w:427/h:320/cz/M6Ly9wcm9kLWNhd/GFsb2ctbWVkaWEvaW50LzU1NTExRkM4Mzg2QjI0NUM3OUQwQUY2OT/IzQ0M1NUY0NzA3NEEyRTlGQTIxQTdCMzYzMzIxRkI4M0FCMUEzRjcucG5n.png"
    ],
    "image_accessibility": "Sir Deluxe English Farmhouse Cheddar (250g)",
    "detailed_images": [
      {
        "url": "https://imgproxy-retcat.assets.schwarz/3WoCcazhV7g4hHttWTUZWID3D4IgKGkPAr12CY9jRAs/sm:1/w:427/h:320/cz/M6Ly9wcm9kLWNhd/GFsb2ctbWVkaWEvaW50LzYzMjcwQzdCMkNCRTAxMTg4OEJDQkYwRk/E2RjM3N0RERENBNUJENTYxQTJFMDQzMTZEN0Y1Q0UwMjQ4RUU1MzMucG5n.png",
        "accessibility": "Sir Deluxe English Farmhouse Cheddar (250g)"
      },
      {
        "url": "https://imgproxy-retcat.assets.schwarz/Mp2mVN3zfApKneVgJ58VSBsUsBxUHUladYIsTFRziNs/sm:1/w:427/h:320/cz/M6Ly9wcm9kLWNhd/GFsb2ctbWVkaWEvaW50L0VCQUE1ODdEQ0NCRkY1N0VFRjBENURBRk/Y3NDUxMzlDNEU5OUQ5QjNDNkY3QTg0Nzk5MURGQzE5RkM3QUI0QTYucG5n.png",
        "accessibility": null
      },
      {
        "url": "https://imgproxy-retcat.assets.schwarz/mWP-v52hCPU4vPMhm2k7fx5cm_aI91wyvGLI3Pra0y4/sm:1/w:427/h:320/cz/M6Ly9wcm9kLWNhd/GFsb2ctbWVkaWEvaW50LzU1NTExRkM4Mzg2QjI0NUM3OUQwQUY2OT/IzQ0M1NUY0NzA3NEEyRTlGQTIxQTdCMzYzMzIxRkI4M0FCMUEzRjcucG5n.png",
        "accessibility": "Pakiranje sira Deluxe English Vintage Cheddar, zoren 12 mesecev, 250 g."
      }
    ],
    "analytics_category": "Food",
    "more_details": "Dodatne podrobnosti o izdelku",
    "won_category_primary": "Svetovi potreb/Hrana in bližnja hrana/Sir in mlečni izdelki (vključno z maslom in sirom)",
    "won_category_primary_path": "0/17/1718",
    "canonical_path": "/p/deluxe-sir-cheddar/p10081826",
    "canonical_url": "/p/deluxe-sir-cheddar/p10081826",
    "awards": [],
    "seals": [
      {
        "altText": "Nalepka: Hlajeno",
        "image": "https://imgproxy-retcat.assets.schwarz/7x3Iby7aD19hFySDnP2YoXt7E1r0JrvJVj0QO1gUOes/sm:1/w:140/cz/M6Ly9wcm9kLWNhd/GFsb2ctbWVkaWEvc2kvMi8xMzFBN0E2RDlCREZGREQxOEE2OTFDNEZ/FNDE5RTM0QUMxQjY4OEQ0OUY2QTAxMTRDRjQ1RjdCNTNDRjM2NUJBLnBuZw.png"
      }
    ],
    "ribbons": [],
    "highlighted_seals": 0,
    "lidl_plus": [],
    "regions": [],
    "ians": [
      "5200784"
    ],
    "show_brand": true,
    "deal_of_day_active": false,
    "full_title_meta": "DELUXE Sir cheddar",
    "lists": [
      16
    ],
    "preview": false,
    "category_breadcrumbs": [
      {
        "id": "10068374",
        "name": "Hrana in pijača",
        "url": "/c/hrana-in-pijaca/s10068374",
        "hidden": false
      },
      {
        "id": "10071017",
        "name": " Sir &  Mlečni izdelki",
        "url": "/h/sir-mlecni-izdelki/h10071017",
        "hidden": false
      }
    ],
    "campaigns": [
      {
        "id": "10025136",
        "name": "Novo v ponudbi",
        "url": "/c/novo-v-ponudbi/a10025136",
        "hidden": false
      }
    ],
    "world_of_needs_code": "1718",
    "world_of_needs_name": "Sir in mlečni izdelki (vključno z maslom in sirom)",
    "world_of_needs_parent": "17",
    "is_main_category": true,
    "super_categories": [
      {
        "code": "17",
        "name": "Hrana in bližnja hrana",
        "parent": "0"
      },
      {
        "code": "0",
        "name": "Svetovi potreb",
        "parent": ""
      }
    ],
    "position": 300,
    "tracking_payload": {
      "searchTrackingMasterId": "Product.10081826",
      "searchTrackingTitle": "Sir+cheddar",
      "searchTrackingPageSize": 100,
      "searchTrackingPage": 3,
      "searchTrackingEvent": "click",
      "list": "search",
      "searchTrackingId": "Product.10081826",
      "searchTrackingOrigPos": 1,
      "searchTrackingPos": 300,
      "searchTrackingOrigPageSize": 100,
      "searchTrackingChannel": "SI",
      "category": "Food"
    }
  },
  {
    "code": "10081911",
    "name": "Organizator in zaščita hrbtišča avtomobilskega sedeža",
    "url": "",
    "result_class": "product",
    "type": "product",
    "product_id": 10081911,
    "erp_number": "10081911",
    "item_id": 10081911,
    "full_title": "LIZENZ (MARKE) Organizator in zaščita hrbtišča avtomobilskega sedeža",
    "title": "Organizator in zaščita hrbtišča avtomobilskega sedeža",
    "category": "Nonfood",
    "product_type": "RETAIL_HEAD",
    "age_restriction": false,
    "is_used_product": false,
    "multipack": false,
    "online": false,
    "store": true,
    "quick_add_to_cart": false,
    "flash_sales": false,
    "having_videos": false,
    "having_threesixty": false,
    "price": 7.99,
    "old_price": null,
    "currency_code": "EUR",
    "currency_symbol": "€",
    "has_star": true,
    "has_vat": false,
    "price_theme": "white_red",
    "variants_have_different_prices": false,
    "base_price_text": null,
    "base_price_prefix": null,
    "packaging_text": "kos",
    "discount_deleted_price": null,
    "discount_text": "ZGRABITE PRILOŽNOST!",
    "discount_percentage": null,
    "discount_has_star": false,
    "show_discount": false,
    "show_percentage": false,
    "from_recommended_price": false,
    "availability_indicator": 0,
    "online_available": false,
    "min_orderable_quantity": 0,
    "orderable_quantities": [],
    "badge_texts": [
      "V trgovini od 07.07. do 09.07."
    ],
    "badge_types": [
      "IN_STORE_TODAY_DATE_RANGE"
    ],
    "main_image": "https://imgproxy-retcat.assets.schwarz/lWcfQwqhRkVOgj9B283eLtc8HJUWK3ePe2y6JC4oE8c/sm:1/w:427/h:320/cz/M6Ly9wcm9kLWNhd/GFsb2ctbWVkaWEvc2kvMS8wQzY3NkRCMTg5REM4N0Y0RjdCNTMwRTk/wNkZDOTZGQUEzNzIxMDZBMzQ4QTAxNzlENTMyRTkwNUMwREI0OEFELmpwZw.jpg",
    "image_list": [
      "https://imgproxy-retcat.assets.schwarz/lWcfQwqhRkVOgj9B283eLtc8HJUWK3ePe2y6JC4oE8c/sm:1/w:427/h:320/cz/M6Ly9wcm9kLWNhd/GFsb2ctbWVkaWEvc2kvMS8wQzY3NkRCMTg5REM4N0Y0RjdCNTMwRTk/wNkZDOTZGQUEzNzIxMDZBMzQ4QTAxNzlENTMyRTkwNUMwREI0OEFELmpwZw.jpg",
      "https://imgproxy-retcat.assets.schwarz/eRIm90CoBsdBIiBWxbDXLmn8QshfyecxW8a0UYHvKZQ/sm:1/w:427/h:320/cz/M6Ly9wcm9kLWNhd/GFsb2ctbWVkaWEvaW50LzYwRTVGOTQ1RTBEODk3OUY5QzQ5NEQxRj/cwMTA0Nzk4ODg5NTQ1NTZCREMzODlDNTc4Qzk2QTBBQURDRTRBMDkucG5n.png",
      "https://imgproxy-retcat.assets.schwarz/lbJB0FqPrZybeqTsjbNYSuW-xtze7HEBXcojHM0gBQs/sm:1/w:427/h:320/cz/M6Ly9wcm9kLWNhd/GFsb2ctbWVkaWEvaW50L0M3RUQ5MTZBOEJFNzlBMUM2MTg5MTkyRD/RERUMzMDUxODE0RTFGNjYwMzkxMzAxNzk0MzYwOEVBMjAxMzdFQzcucG5n.png"
    ],
    "image_accessibility": "Štirje organizatorji za avtomobilske sedeže z različnimi motivi.",
    "detailed_images": [
      {
        "url": "https://imgproxy-retcat.assets.schwarz/lWcfQwqhRkVOgj9B283eLtc8HJUWK3ePe2y6JC4oE8c/sm:1/w:427/h:320/cz/M6Ly9wcm9kLWNhd/GFsb2ctbWVkaWEvc2kvMS8wQzY3NkRCMTg5REM4N0Y0RjdCNTMwRTk/wNkZDOTZGQUEzNzIxMDZBMzQ4QTAxNzlENTMyRTkwNUMwREI0OEFELmpwZw.jpg",
        "accessibility": "Štirje organizatorji za avtomobilske sedeže z različnimi motivi."
      },
      {
        "url": "https://imgproxy-retcat.assets.schwarz/eRIm90CoBsdBIiBWxbDXLmn8QshfyecxW8a0UYHvKZQ/sm:1/w:427/h:320/cz/M6Ly9wcm9kLWNhd/GFsb2ctbWVkaWEvaW50LzYwRTVGOTQ1RTBEODk3OUY5QzQ5NEQxRj/cwMTA0Nzk4ODg5NTQ1NTZCREMzODlDNTc4Qzk2QTBBQURDRTRBMDkucG5n.png",
        "accessibility": null
      },
      {
        "url": "https://imgproxy-retcat.assets.schwarz/lbJB0FqPrZybeqTsjbNYSuW-xtze7HEBXcojHM0gBQs/sm:1/w:427/h:320/cz/M6Ly9wcm9kLWNhd/GFsb2ctbWVkaWEvaW50L0M3RUQ5MTZBOEJFNzlBMUM2MTg5MTkyRD/RERUMzMDUxODE0RTFGNjYwMzkxMzAxNzk0MzYwOEVBMjAxMzdFQzcucG5n.png",
        "accessibility": null
      }
    ],
    "analytics_category": "Nonfood",
    "more_details": "Dodatne podrobnosti o izdelku",
    "won_category_primary": "Svetovi potreb/Hrana in bližnja hrana/Klobase in meso",
    "won_category_primary_path": "0/17/1717",
    "canonical_path": "/p/lizenz-marke-organizator-in-zascita-hrbtisca-avtomobilskega-sedeza/p10081911",
    "canonical_url": "/p/lizenz-marke-organizator-in-zascita-hrbtisca-avtomobilskega-sedeza/p10081911",
    "awards": [],
    "seals": [],
    "ribbons": [],
    "highlighted_seals": 0,
    "lidl_plus": [],
    "regions": [],
    "ians": [
      "488215"
    ],
    "show_brand": true,
    "deal_of_day_active": false,
    "full_title_meta": "LIZENZ (MARKE) Organizator in zaščita hrbtišča avtomobilskega sedeža",
    "lists": [
      4989
    ],
    "preview": false,
    "category_breadcrumbs": [
      {
        "id": "10068374",
        "name": "Hrana in pijača",
        "url": "/c/hrana-in-pijaca/s10068374",
        "hidden": false
      },
      {
        "id": "10071016",
        "name": "Meso in mesni izdelki",
        "url": "/h/meso-in-mesni-izdelki/h10071016",
        "hidden": false
      }
    ],
    "campaigns": [
      {
        "id": "Current_Sales_Week",
        "name": "Ta teden",
        "url": null,
        "hidden": false
      },
      {
        "id": "10074826",
        "name": "Vse za avto",
        "url": "/c/vse-za-avto/a10074826",
        "hidden": false
      }
    ],
    "world_of_needs_code": "1717",
    "world_of_needs_name": "Klobase in meso",
    "world_of_needs_parent": "17",
    "is_main_category": true,
    "super_categories": [
      {
        "code": "17",
        "name": "Hrana in bližnja hrana",
        "parent": "0"
      },
      {
        "code": "0",
        "name": "Svetovi potreb",
        "parent": ""
      }
    ],
    "position": 301,
    "tracking_payload": {
      "searchTrackingMasterId": "Product.10081911",
      "searchTrackingTitle": "Organizator+in+za%C5%A1%C4%8Dita+hrbti%C5%A1%C4%8Da+avtomobilskega+sede%C5%BEa",
      "searchTrackingPageSize": 100,
      "searchTrackingPage": 4,
      "searchTrackingEvent": "click",
      "list": "search",
      "searchTrackingId": "Product.10081911",
      "searchTrackingOrigPos": 1,
      "searchTrackingPos": 301,
      "searchTrackingOrigPageSize": 100,
      "searchTrackingChannel": "SI",
      "category": "Nonfood"
    }
  },
  {
    "code": "10081982",
    "name": "Hamburger bombeta s sezamom",
    "url": "",
    "result_class": "product",
    "type": "product",
    "product_id": 10081982,
    "erp_number": "10081982",
    "item_id": 10081982,
    "full_title": "Hamburger bombeta s sezamom",
    "title": "Hamburger bombeta s sezamom",
    "category": "Food",
    "product_type": "RETAIL",
    "age_restriction": false,
    "is_used_product": false,
    "multipack": false,
    "online": false,
    "store": true,
    "quick_add_to_cart": false,
    "flash_sales": false,
    "having_videos": false,
    "having_threesixty": false,
    "price": 0.45,
    "old_price": 0.0,
    "currency_code": "EUR",
    "currency_symbol": "€",
    "has_star": true,
    "has_vat": false,
    "price_theme": "white_red",
    "variants_have_different_prices": false,
    "base_price_text": "1 kg = 5.00",
    "base_price_prefix": false,
    "packaging_text": "90 g",
    "discount_deleted_price": null,
    "discount_text": null,
    "discount_percentage": null,
    "discount_has_star": null,
    "show_discount": null,
    "show_percentage": null,
    "from_recommended_price": null,
    "availability_indicator": 0,
    "online_available": false,
    "min_orderable_quantity": 1,
    "orderable_quantities": [],
    "badge_texts": [
      "V trgovini"
    ],
    "badge_types": [
      "IN_STORE"
    ],
    "main_image": "https://imgproxy-retcat.assets.schwarz/F0cu1hFaTG-Fkid7zt3NbWJn97FlXV39deO3PtQtB18/sm:1/w:427/h:320/cz/M6Ly9wcm9kLWNhd/GFsb2ctbWVkaWEvaW50LzVENUIyRjA4OEUwNTJFRDMyNTdERjFBQz/VGNjcyMDJGNjMzQzJCNUYxMDQ4QkIzMDlCNzg3OEYxNzk2RDQ1MUYucG5n.png",
    "image_list": [
      "https://imgproxy-retcat.assets.schwarz/F0cu1hFaTG-Fkid7zt3NbWJn97FlXV39deO3PtQtB18/sm:1/w:427/h:320/cz/M6Ly9wcm9kLWNhd/GFsb2ctbWVkaWEvaW50LzVENUIyRjA4OEUwNTJFRDMyNTdERjFBQz/VGNjcyMDJGNjMzQzJCNUYxMDQ4QkIzMDlCNzg3OEYxNzk2RDQ1MUYucG5n.png"
    ],
    "image_accessibility": "Tri žemljice s sezamovimi semeni v pletenem košaru.",
    "detailed_images": [
      {
        "url": "https://imgproxy-retcat.assets.schwarz/F0cu1hFaTG-Fkid7zt3NbWJn97FlXV39deO3PtQtB18/sm:1/w:427/h:320/cz/M6Ly9wcm9kLWNhd/GFsb2ctbWVkaWEvaW50LzVENUIyRjA4OEUwNTJFRDMyNTdERjFBQz/VGNjcyMDJGNjMzQzJCNUYxMDQ4QkIzMDlCNzg3OEYxNzk2RDQ1MUYucG5n.png",
        "accessibility": "Tri žemljice s sezamovimi semeni v pletenem košaru."
      }
    ],
    "analytics_category": "Food",
    "more_details": "Dodatne podrobnosti o izdelku",
    "won_category_primary": "Svetovi potreb/Hrana in bližnja hrana/Kruh in pekovsko pecivo",
    "won_category_primary_path": "0/17/1713",
    "canonical_path": "/p/hamburger-bombeta-s-sezamom/p10081982",
    "canonical_url": "/p/hamburger-bombeta-s-sezamom/p10081982",
    "awards": [],
    "seals": [
      {
        "altText": "Slovenski izdelek",
        "image": "https://imgproxy-retcat.assets.schwarz/065GlWscfuyzRNlqdEjgEaZNE6893872XSglFaanlJA/sm:1/w:140/cz/M6Ly9wcm9kLWNhd/GFsb2ctbWVkaWEvc2kvMi83RTk4NkYyRDk1MTlDRUJBNzA1N0JGMzA/1QjA1NjUyRjVCMjMzNzZGRjY4MzVEREFGQzIwQzE5NDVFQUE5M0RCLnBuZw.png"
      }
    ],
    "ribbons": [],
    "highlighted_seals": 0,
    "lidl_plus": [],
    "regions": [],
    "ians": [
      "7302644"
    ],
    "show_brand": false,
    "deal_of_day_active": false,
    "full_title_meta": "Hamburger bombeta s sezamom",
    "lists": [
      16
    ],
    "preview": false,
    "category_breadcrumbs": [
      {
        "id": "10068374",
        "name": "Hrana in pijača",
        "url": "/c/hrana-in-pijaca/s10068374",
        "hidden": false
      },
      {
        "id": "10071015",
        "name": "Kruh in pekovski izdelki",
        "url": "/h/kruh-in-pekovski-izdelki/h10071015",
        "hidden": false
      }
    ],
    "campaigns": [
      {
        "id": "10025136",
        "name": "Novo v ponudbi",
        "url": "/c/novo-v-ponudbi/a10025136",
        "hidden": false
      }
    ],
    "world_of_needs_code": "1713",
    "world_of_needs_name": "Kruh in pekovsko pecivo",
    "world_of_needs_parent": "17",
    "is_main_category": true,
    "super_categories": [
      {
        "code": "17",
        "name": "Hrana in bližnja hrana",
        "parent": "0"
      },
      {
        "code": "0",
        "name": "Svetovi potreb",
        "parent": ""
      }
    ],
    "position": 302,
    "tracking_payload": {
      "searchTrackingMasterId": "Product.10081982",
      "searchTrackingTitle": "Hamburger+bombeta+s+sezamom",
      "searchTrackingPageSize": 100,
      "searchTrackingPage": 4,
      "searchTrackingEvent": "click",
      "list": "search",
      "searchTrackingId": "Product.10081982",
      "searchTrackingOrigPos": 1,
      "searchTrackingPos": 302,
      "searchTrackingOrigPageSize": 100,
      "searchTrackingChannel": "SI",
      "category": "Food"
    }
  },
  {
    "code": "10081983",
    "name": "Naravna mineralna voda",
    "url": "",
    "result_class": "product",
    "type": "product",
    "product_id": 10081983,
    "erp_number": "10081983",
    "item_id": 10081983,
    "full_title": "JAMNICA Naravna mineralna voda",
    "title": "Naravna mineralna voda",
    "category": "Food",
    "product_type": "RETAIL",
    "age_restriction": false,
    "is_used_product": false,
    "multipack": false,
    "online": false,
    "store": true,
    "quick_add_to_cart": false,
    "flash_sales": false,
    "having_videos": false,
    "having_threesixty": false,
    "price": 0.89,
    "old_price": 0.0,
    "currency_code": "EUR",
    "currency_symbol": "€",
    "has_star": true,
    "has_vat": false,
    "price_theme": "white_red",
    "variants_have_different_prices": false,
    "base_price_text": "1 l = .59",
    "base_price_prefix": false,
    "packaging_text": "1,5 l",
    "discount_deleted_price": null,
    "discount_text": null,
    "discount_percentage": null,
    "discount_has_star": null,
    "show_discount": null,
    "show_percentage": null,
    "from_recommended_price": null,
    "availability_indicator": 0,
    "online_available": false,
    "min_orderable_quantity": 1,
    "orderable_quantities": [],
    "badge_texts": [
      "V trgovini"
    ],
    "badge_types": [
      "IN_STORE"
    ],
    "main_image": "https://imgproxy-retcat.assets.schwarz/sGETrbGlOskMrp-3sNbfvNaeR1ruGR5B_Ge_dYsJVyw/sm:1/w:427/h:320/cz/M6Ly9wcm9kLWNhd/GFsb2ctbWVkaWEvc2kvMS9DMEJDQUVBQTEwQjE4NjRDMkRBQzc2MEZ/GMUEzMkZFQjA2OEUwRUY4NTQ5QkU2RDkxNDRCRjU2QjU3OEQzQUZCLmpwZw.jpg",
    "image_list": [
      "https://imgproxy-retcat.assets.schwarz/sGETrbGlOskMrp-3sNbfvNaeR1ruGR5B_Ge_dYsJVyw/sm:1/w:427/h:320/cz/M6Ly9wcm9kLWNhd/GFsb2ctbWVkaWEvc2kvMS9DMEJDQUVBQTEwQjE4NjRDMkRBQzc2MEZ/GMUEzMkZFQjA2OEUwRUY4NTQ5QkU2RDkxNDRCRjU2QjU3OEQzQUZCLmpwZw.jpg"
    ],
    "image_accessibility": "Steklenica gazirane mineralne vode Agua de Luso.",
    "detailed_images": [
      {
        "url": "https://imgproxy-retcat.assets.schwarz/sGETrbGlOskMrp-3sNbfvNaeR1ruGR5B_Ge_dYsJVyw/sm:1/w:427/h:320/cz/M6Ly9wcm9kLWNhd/GFsb2ctbWVkaWEvc2kvMS9DMEJDQUVBQTEwQjE4NjRDMkRBQzc2MEZ/GMUEzMkZFQjA2OEUwRUY4NTQ5QkU2RDkxNDRCRjU2QjU3OEQzQUZCLmpwZw.jpg",
        "accessibility": "Steklenica gazirane mineralne vode Agua de Luso."
      }
    ],
    "analytics_category": "Food",
    "more_details": "Dodatne podrobnosti o izdelku",
    "won_category_primary": "Svetovi potreb/Hrana in bližnja hrana/Pijače",
    "won_category_primary_path": "0/17/1720",
    "canonical_path": "/p/jamnica-naravna-mineralna-voda/p10081983",
    "canonical_url": "/p/jamnica-naravna-mineralna-voda/p10081983",
    "awards": [],
    "seals": [],
    "ribbons": [],
    "highlighted_seals": 0,
    "lidl_plus": [],
    "regions": [],
    "ians": [
      "6902564"
    ],
    "show_brand": true,
    "deal_of_day_active": false,
    "full_title_meta": "JAMNICA Naravna mineralna voda",
    "lists": [
      16
    ],
    "preview": false,
    "category_breadcrumbs": [
      {
        "id": "10068374",
        "name": "Hrana in pijača",
        "url": "/c/hrana-in-pijaca/s10068374",
        "hidden": false
      },
      {
        "id": "10071022",
        "name": "Pijače",
        "url": "/h/pijace/h10071022",
        "hidden": false
      }
    ],
    "campaigns": [
      {
        "id": "10025136",
        "name": "Novo v ponudbi",
        "url": "/c/novo-v-ponudbi/a10025136",
        "hidden": false
      }
    ],
    "world_of_needs_code": "1720",
    "world_of_needs_name": "Pijače",
    "world_of_needs_parent": "17",
    "is_main_category": true,
    "super_categories": [
      {
        "code": "17",
        "name": "Hrana in bližnja hrana",
        "parent": "0"
      },
      {
        "code": "0",
        "name": "Svetovi potreb",
        "parent": ""
      }
    ],
    "position": 303,
    "tracking_payload": {
      "searchTrackingMasterId": "Product.10081983",
      "searchTrackingTitle": "Naravna+mineralna+voda",
      "searchTrackingPageSize": 100,
      "searchTrackingPage": 4,
      "searchTrackingEvent": "click",
      "list": "search",
      "searchTrackingId": "Product.10081983",
      "searchTrackingOrigPos": 1,
      "searchTrackingPos": 303,
      "searchTrackingOrigPageSize": 100,
      "searchTrackingChannel": "SI",
      "category": "Food"
    }
  },
  {
    "code": "10082108",
    "name": "Korneti za sladoled",
    "url": "",
    "result_class": "product",
    "type": "product",
    "product_id": 10082108,
    "erp_number": "10082108",
    "item_id": 10082108,
    "full_title": "STENGER Korneti za sladoled",
    "title": "Korneti za sladoled",
    "category": "Food",
    "product_type": "RETAIL",
    "age_restriction": false,
    "is_used_product": false,
    "multipack": false,
    "online": false,
    "store": true,
    "quick_add_to_cart": false,
    "flash_sales": false,
    "having_videos": false,
    "having_threesixty": false,
    "price": 0.99,
    "old_price": 0.0,
    "currency_code": "EUR",
    "currency_symbol": "€",
    "has_star": true,
    "has_vat": false,
    "price_theme": "white_red",
    "variants_have_different_prices": false,
    "base_price_text": "1 kg = 8.84",
    "base_price_prefix": false,
    "packaging_text": "112 g",
    "discount_deleted_price": null,
    "discount_text": "ZGRABITE PRILOŽNOST!",
    "discount_percentage": null,
    "discount_has_star": false,
    "show_discount": false,
    "show_percentage": false,
    "from_recommended_price": false,
    "availability_indicator": 0,
    "online_available": false,
    "min_orderable_quantity": 1,
    "orderable_quantities": [],
    "badge_texts": [
      "V trgovini od 03.07. do 09.07."
    ],
    "badge_types": [
      "IN_STORE_PAST_DATE_RANGE"
    ],
    "main_image": "https://imgproxy-retcat.assets.schwarz/jO9Ug86KIDySa-HRb5q6Wtihjmp2VQOp_nU7d-tKuvQ/sm:1/w:427/h:320/cz/M6Ly9wcm9kLWNhd/GFsb2ctbWVkaWEvc2kvMS8wNURCODk4RkIwQzg0REFGNzVEOThGMjA/2QUFCQjRGRjBGOTdBMTVCRjI0MUJGNzY2ODMxREYzNTM2NEVFNUZELmpwZw.jpg",
    "image_list": [
      "https://imgproxy-retcat.assets.schwarz/jO9Ug86KIDySa-HRb5q6Wtihjmp2VQOp_nU7d-tKuvQ/sm:1/w:427/h:320/cz/M6Ly9wcm9kLWNhd/GFsb2ctbWVkaWEvc2kvMS8wNURCODk4RkIwQzg0REFGNzVEOThGMjA/2QUFCQjRGRjBGOTdBMTVCRjI0MUJGNzY2ODMxREYzNTM2NEVFNUZELmpwZw.jpg",
      "https://imgproxy-retcat.assets.schwarz/0PQ7p9rUOVoVKA75ofxf41NeFipXJgTTfkzMASXU1Cg/sm:1/w:427/h:320/cz/M6Ly9wcm9kLWNhd/GFsb2ctbWVkaWEvc2kvMS9EN0Y0OTNBRjM0NjQwRTg1N0VBNjNBNjA/zNDQ4NEFERDZBMzY4NTdDNDc5QUZBQTA2RDlBOEFCQzY1QUJGMDFFLmpwZw.jpg",
      "https://imgproxy-retcat.assets.schwarz/GwGIz-wEi8MN95XCQPS9NVB0oph-yhNbAFQgr7VNGwY/sm:1/w:427/h:320/cz/M6Ly9wcm9kLWNhd/GFsb2ctbWVkaWEvc2kvMS84NDQyMzRBODQ5RDYzNDNBMTVEQkNCN0U/yNzQ3MEY4RkMwRUFGRjExMjg5MENDMTZFNUVDMDAzM0YyOUFGNjY0LmpwZw.jpg"
    ],
    "image_accessibility": "Pakiranje stožcev za sladoled Languette.",
    "detailed_images": [
      {
        "url": "https://imgproxy-retcat.assets.schwarz/jO9Ug86KIDySa-HRb5q6Wtihjmp2VQOp_nU7d-tKuvQ/sm:1/w:427/h:320/cz/M6Ly9wcm9kLWNhd/GFsb2ctbWVkaWEvc2kvMS8wNURCODk4RkIwQzg0REFGNzVEOThGMjA/2QUFCQjRGRjBGOTdBMTVCRjI0MUJGNzY2ODMxREYzNTM2NEVFNUZELmpwZw.jpg",
        "accessibility": "Pakiranje stožcev za sladoled Languette."
      },
      {
        "url": "https://imgproxy-retcat.assets.schwarz/0PQ7p9rUOVoVKA75ofxf41NeFipXJgTTfkzMASXU1Cg/sm:1/w:427/h:320/cz/M6Ly9wcm9kLWNhd/GFsb2ctbWVkaWEvc2kvMS9EN0Y0OTNBRjM0NjQwRTg1N0VBNjNBNjA/zNDQ4NEFERDZBMzY4NTdDNDc5QUZBQTA2RDlBOEFCQzY1QUJGMDFFLmpwZw.jpg",
        "accessibility": "Embalaža stožcev za sladoled Carriage."
      },
      {
        "url": "https://imgproxy-retcat.assets.schwarz/GwGIz-wEi8MN95XCQPS9NVB0oph-yhNbAFQgr7VNGwY/sm:1/w:427/h:320/cz/M6Ly9wcm9kLWNhd/GFsb2ctbWVkaWEvc2kvMS84NDQyMzRBODQ5RDYzNDNBMTVEQkNCN0U/yNzQ3MEY4RkMwRUFGRjExMjg5MENDMTZFNUVDMDAzM0YyOUFGNjY0LmpwZw.jpg",
        "accessibility": "Stožčast vafljičasti kornet za sladoled."
      }
    ],
    "analytics_category": "Food",
    "more_details": "Dodatne podrobnosti o izdelku",
    "won_category_primary": "Svetovi potreb/Hrana in bližnja hrana/Prigrizki in slaščice",
    "won_category_primary_path": "0/17/1721",
    "canonical_path": "/p/stenger-korneti-za-sladoled/p10082108",
    "canonical_url": "/p/stenger-korneti-za-sladoled/p10082108",
    "awards": [],
    "seals": [],
    "ribbons": [],
    "highlighted_seals": 0,
    "lidl_plus": [],
    "regions": [],
    "ians": [
      "7717705"
    ],
    "show_brand": true,
    "deal_of_day_active": false,
    "full_title_meta": "STENGER Korneti za sladoled",
    "lists": [
      4986
    ],
    "preview": false,
    "category_breadcrumbs": [
      {
        "id": "10068374",
        "name": "Hrana in pijača",
        "url": "/c/hrana-in-pijaca/s10068374",
        "hidden": false
      },
      {
        "id": "10071044",
        "name": "Prigrizki in sladkarije",
        "url": "/h/prigrizki-in-sladkarije/h10071044",
        "hidden": false
      }
    ],
    "campaigns": [
      {
        "id": "Current_Sales_Week",
        "name": "Ta teden",
        "url": null,
        "hidden": false
      },
      {
        "id": "10072826",
        "name": "Tvoja osvežitev se začne v Lidlu.",
        "url": "/c/tvoja-osvezitev-se-zacne-v-lidlu/a10072826",
        "hidden": false
      }
    ],
    "world_of_needs_code": "1721",
    "world_of_needs_name": "Prigrizki in slaščice",
    "world_of_needs_parent": "17",
    "is_main_category": true,
    "super_categories": [
      {
        "code": "17",
        "name": "Hrana in bližnja hrana",
        "parent": "0"
      },
      {
        "code": "0",
        "name": "Svetovi potreb",
        "parent": ""
      }
    ],
    "position": 304,
    "tracking_payload": {
      "searchTrackingMasterId": "Product.10082108",
      "searchTrackingTitle": "Korneti+za+sladoled",
      "searchTrackingPageSize": 100,
      "searchTrackingPage": 4,
      "searchTrackingEvent": "click",
      "list": "search",
      "searchTrackingId": "Product.10082108",
      "searchTrackingOrigPos": 1,
      "searchTrackingPos": 304,
      "searchTrackingOrigPageSize": 100,
      "searchTrackingChannel": "SI",
      "category": "Food"
    }
  },
  {
    "code": "10082110",
    "name": "Sladoled na palčki Praliné",
    "url": "",
    "result_class": "product",
    "type": "product",
    "product_id": 10082110,
    "erp_number": "10082110",
    "item_id": 10082110,
    "full_title": "GELATELLI Sladoled na palčki Praliné",
    "title": "Sladoled na palčki Praliné",
    "category": "Food",
    "product_type": "RETAIL",
    "age_restriction": false,
    "is_used_product": false,
    "multipack": false,
    "online": false,
    "store": true,
    "quick_add_to_cart": false,
    "flash_sales": false,
    "having_videos": false,
    "having_threesixty": false,
    "price": 2.99,
    "old_price": 0.0,
    "currency_code": "EUR",
    "currency_symbol": "€",
    "has_star": true,
    "has_vat": false,
    "price_theme": "white_red",
    "variants_have_different_prices": false,
    "base_price_text": "1 l = 10.68",
    "base_price_prefix": false,
    "packaging_text": "4 x 70 ml",
    "discount_deleted_price": null,
    "discount_text": "ZGRABITE PRILOŽNOST!",
    "discount_percentage": null,
    "discount_has_star": false,
    "show_discount": false,
    "show_percentage": false,
    "from_recommended_price": false,
    "availability_indicator": 0,
    "online_available": false,
    "min_orderable_quantity": 1,
    "orderable_quantities": [],
    "badge_texts": [
      "V trgovini od 03.07. do 09.07."
    ],
    "badge_types": [
      "IN_STORE_PAST_DATE_RANGE"
    ],
    "main_image": "https://imgproxy-retcat.assets.schwarz/-XFsnW3O2fHGchUiVr7BsPWAUo4AP6Cy9jn6ZkZAgII/sm:1/w:427/h:320/cz/M6Ly9wcm9kLWNhd/GFsb2ctbWVkaWEvc2kvMS8wN0FFNzFBQ0RDNURDMDY4NzJBNjM3NzQ/xNzIwQkJGNzM5RjE0ODY2MTZDMzI2MjcyRkJCRDU5M0ExODc4Rjg1LmpwZw.jpg",
    "image_list": [
      "https://imgproxy-retcat.assets.schwarz/-XFsnW3O2fHGchUiVr7BsPWAUo4AP6Cy9jn6ZkZAgII/sm:1/w:427/h:320/cz/M6Ly9wcm9kLWNhd/GFsb2ctbWVkaWEvc2kvMS8wN0FFNzFBQ0RDNURDMDY4NzJBNjM3NzQ/xNzIwQkJGNzM5RjE0ODY2MTZDMzI2MjcyRkJCRDU5M0ExODc4Rjg1LmpwZw.jpg",
      "https://imgproxy-retcat.assets.schwarz/SAMg702xNrd262SLCVnz_9J3WL6RY1jXEzwMcbWdr8A/sm:1/w:427/h:320/cz/M6Ly9wcm9kLWNhd/GFsb2ctbWVkaWEvc2kvMS9DRjc3RDk4RjU1RjZFQzhGMjBEMjRENjF/DQkM5NDk0Qzk4MUU4MUFDM0U0QjZDQkUxQkYyMTA3MDA1NUU5MEM3LmpwZw.jpg",
      "https://imgproxy-retcat.assets.schwarz/M3HGl0HPSbQGivrGuqKmevS9xiFn7PwThGVHGV9Y7Tk/sm:1/w:427/h:320/cz/M6Ly9wcm9kLWNhd/GFsb2ctbWVkaWEvc2kvMS80NTlDREFERENGQ0Q4QkE0ODdDMUM4NjE/4REY1REMxNjA1QTIyODNDMUEzNTEzQTIwMDVEMDI2QjM5RThCQUJELmpwZw.jpg"
    ],
    "image_accessibility": "Dve škatli sladoleda Chio praline.",
    "detailed_images": [
      {
        "url": "https://imgproxy-retcat.assets.schwarz/-XFsnW3O2fHGchUiVr7BsPWAUo4AP6Cy9jn6ZkZAgII/sm:1/w:427/h:320/cz/M6Ly9wcm9kLWNhd/GFsb2ctbWVkaWEvc2kvMS8wN0FFNzFBQ0RDNURDMDY4NzJBNjM3NzQ/xNzIwQkJGNzM5RjE0ODY2MTZDMzI2MjcyRkJCRDU5M0ExODc4Rjg1LmpwZw.jpg",
        "accessibility": "Dve škatli sladoleda Chio praline."
      },
      {
        "url": "https://imgproxy-retcat.assets.schwarz/SAMg702xNrd262SLCVnz_9J3WL6RY1jXEzwMcbWdr8A/sm:1/w:427/h:320/cz/M6Ly9wcm9kLWNhd/GFsb2ctbWVkaWEvc2kvMS9DRjc3RDk4RjU1RjZFQzhGMjBEMjRENjF/DQkM5NDk0Qzk4MUU4MUFDM0U0QjZDQkUxQkYyMTA3MDA1NUU5MEM3LmpwZw.jpg",
        "accessibility": "Embalaža sladoleda Chio praline, okus mlečne čokolade in lešnikov."
      },
      {
        "url": "https://imgproxy-retcat.assets.schwarz/M3HGl0HPSbQGivrGuqKmevS9xiFn7PwThGVHGV9Y7Tk/sm:1/w:427/h:320/cz/M6Ly9wcm9kLWNhd/GFsb2ctbWVkaWEvc2kvMS80NTlDREFERENGQ0Q4QkE0ODdDMUM4NjE/4REY1REMxNjA1QTIyODNDMUEzNTEzQTIwMDVEMDI2QjM5RThCQUJELmpwZw.jpg",
        "accessibility": "Embalaža sladoleda Calvé Praline s čokoladnim prelivom."
      }
    ],
    "analytics_category": "Food",
    "more_details": "Dodatne podrobnosti o izdelku",
    "won_category_primary": "Svetovi potreb/Hrana in bližnja hrana/Prigrizki in slaščice",
    "won_category_primary_path": "0/17/1721",
    "canonical_path": "/p/gelatelli-sladoled-na-palcki-praline/p10082110",
    "canonical_url": "/p/gelatelli-sladoled-na-palcki-praline/p10082110",
    "awards": [],
    "seals": [
      {
        "altText": "Žig Rainforest Alliance: Ljudje & Narava",
        "image": "https://imgproxy-retcat.assets.schwarz/lbMCis-jGZQNzMXk3WVad3uyJkZ4j8S3P-DyZdCd0KE/sm:1/w:140/cz/M6Ly9wcm9kLWNhd/GFsb2ctbWVkaWEvc2kvMi9FNjBFQjg3QzI4NzMzREE2NTY4NzA1OUN/EMUZDNkVCNUEwMkQxODZDNkQ0MUNFMjVDREJCMjdGNThDRDhGNEJBLnBuZw.png"
      }
    ],
    "ribbons": [],
    "highlighted_seals": 0,
    "lidl_plus": [],
    "regions": [],
    "ians": [
      "169617"
    ],
    "show_brand": true,
    "deal_of_day_active": false,
    "full_title_meta": "GELATELLI Sladoled na palčki Praliné",
    "lists": [
      4986
    ],
    "preview": false,
    "category_breadcrumbs": [
      {
        "id": "10068374",
        "name": "Hrana in pijača",
        "url": "/c/hrana-in-pijaca/s10068374",
        "hidden": false
      },
      {
        "id": "10071044",
        "name": "Prigrizki in sladkarije",
        "url": "/h/prigrizki-in-sladkarije/h10071044",
        "hidden": false
      }
    ],
    "campaigns": [
      {
        "id": "Current_Sales_Week",
        "name": "Ta teden",
        "url": null,
        "hidden": false
      },
      {
        "id": "10072826",
        "name": "Tvoja osvežitev se začne v Lidlu.",
        "url": "/c/tvoja-osvezitev-se-zacne-v-lidlu/a10072826",
        "hidden": false
      }
    ],
    "world_of_needs_code": "1721",
    "world_of_needs_name": "Prigrizki in slaščice",
    "world_of_needs_parent": "17",
    "is_main_category": true,
    "super_categories": [
      {
        "code": "17",
        "name": "Hrana in bližnja hrana",
        "parent": "0"
      },
      {
        "code": "0",
        "name": "Svetovi potreb",
        "parent": ""
      }
    ],
    "position": 305,
    "tracking_payload": {
      "searchTrackingMasterId": "Product.10082110",
      "searchTrackingTitle": "Sladoled+na+pal%C4%8Dki+Pralin%C3%A9",
      "searchTrackingPageSize": 100,
      "searchTrackingPage": 4,
      "searchTrackingEvent": "click",
      "list": "search",
      "searchTrackingId": "Product.10082110",
      "searchTrackingOrigPos": 1,
      "searchTrackingPos": 305,
      "searchTrackingOrigPageSize": 100,
      "searchTrackingChannel": "SI",
      "category": "Food"
    }
  },
  {
    "code": "10082112",
    "name": "Bio ovseni napitek XXL",
    "url": "",
    "result_class": "product",
    "type": "product",
    "product_id": 10082112,
    "erp_number": "10082112",
    "item_id": 10082112,
    "full_title": "VEMONDO Bio ovseni napitek XXL",
    "title": "Bio ovseni napitek XXL",
    "category": "Food",
    "product_type": "RETAIL",
    "age_restriction": false,
    "is_used_product": false,
    "multipack": false,
    "online": false,
    "store": true,
    "quick_add_to_cart": false,
    "flash_sales": false,
    "having_videos": false,
    "having_threesixty": false,
    "price": 9.49,
    "old_price": 0.0,
    "currency_code": "EUR",
    "currency_symbol": "€",
    "has_star": true,
    "has_vat": false,
    "price_theme": "white_red",
    "variants_have_different_prices": false,
    "base_price_text": "1 l = 1.19",
    "base_price_prefix": false,
    "packaging_text": "8 l",
    "discount_deleted_price": null,
    "discount_text": "1 L GRATIS!**",
    "discount_percentage": null,
    "discount_has_star": false,
    "show_discount": false,
    "show_percentage": false,
    "from_recommended_price": false,
    "availability_indicator": 0,
    "online_available": false,
    "min_orderable_quantity": 1,
    "orderable_quantities": [],
    "badge_texts": [
      "V trgovini od 03.07."
    ],
    "badge_types": [
      "IN_STORE_FROM_DATE_PAST"
    ],
    "main_image": "https://imgproxy-retcat.assets.schwarz/-nZ77kjwhZSaPjfENI0BlCtlz4NcvLCOiKzyVBWztR8/sm:1/w:427/h:320/cz/M6Ly9wcm9kLWNhd/GFsb2ctbWVkaWEvc2kvMS83RTc0QjgyQjBFQzU2Q0ZCNzgyRkZGQ0E/0RUI2QTZGNjZENTdCMkRGQzlGMzg3RTc5QzQ4Q0JGQTFFQTYzMzdFLmpwZw.jpg",
    "image_list": [
      "https://imgproxy-retcat.assets.schwarz/-nZ77kjwhZSaPjfENI0BlCtlz4NcvLCOiKzyVBWztR8/sm:1/w:427/h:320/cz/M6Ly9wcm9kLWNhd/GFsb2ctbWVkaWEvc2kvMS83RTc0QjgyQjBFQzU2Q0ZCNzgyRkZGQ0E/0RUI2QTZGNjZENTdCMkRGQzlGMzg3RTc5QzQ4Q0JGQTFFQTYzMzdFLmpwZw.jpg"
    ],
    "image_accessibility": "Embalaža XXL z 8 napitki iz ovsa.",
    "detailed_images": [
      {
        "url": "https://imgproxy-retcat.assets.schwarz/-nZ77kjwhZSaPjfENI0BlCtlz4NcvLCOiKzyVBWztR8/sm:1/w:427/h:320/cz/M6Ly9wcm9kLWNhd/GFsb2ctbWVkaWEvc2kvMS83RTc0QjgyQjBFQzU2Q0ZCNzgyRkZGQ0E/0RUI2QTZGNjZENTdCMkRGQzlGMzg3RTc5QzQ4Q0JGQTFFQTYzMzdFLmpwZw.jpg",
        "accessibility": "Embalaža XXL z 8 napitki iz ovsa."
      }
    ],
    "analytics_category": "Food",
    "more_details": "Dodatne podrobnosti o izdelku",
    "won_category_primary": "Svetovi potreb/Hrana in bližnja hrana/Pijače",
    "won_category_primary_path": "0/17/1720",
    "canonical_path": "/p/vemondo-bio-ovseni-napitek-xxl/p10082112",
    "canonical_url": "/p/vemondo-bio-ovseni-napitek-xxl/p10082112",
    "awards": [],
    "seals": [
      {
        "altText": "Veganski znak V-Label International.",
        "image": "https://imgproxy-retcat.assets.schwarz/ISLamvPk8hk69l-VadCrdVW2krGoAe5YiNwWvgfLhC8/sm:1/w:140/cz/M6Ly9wcm9kLWNhd/GFsb2ctbWVkaWEvc2kvMi9BRDRDNEYxMzQwRDI3OTU2NEY5NzNFN0M/3M0UzQjk3ODM5OEQ5QTAxRTlDREVEOEY4MjRBRjBCNTBCMzI1M0EzLnBuZw.png"
      }
    ],
    "ribbons": [],
    "highlighted_seals": 0,
    "lidl_plus": [],
    "regions": [],
    "ians": [
      "175127"
    ],
    "show_brand": true,
    "deal_of_day_active": false,
    "full_title_meta": "VEMONDO Bio ovseni napitek XXL",
    "lists": [
      4986
    ],
    "preview": false,
    "category_breadcrumbs": [
      {
        "id": "10068374",
        "name": "Hrana in pijača",
        "url": "/c/hrana-in-pijaca/s10068374",
        "hidden": false
      },
      {
        "id": "10071022",
        "name": "Pijače",
        "url": "/h/pijace/h10071022",
        "hidden": false
      }
    ],
    "campaigns": [
      {
        "id": "Current_Sales_Week",
        "name": "Ta teden",
        "url": null,
        "hidden": false
      },
      {
        "id": "10074993",
        "name": "Eko ali Bio",
        "url": "/c/eko-ali-bio/a10074993",
        "hidden": false
      }
    ],
    "world_of_needs_code": "1720",
    "world_of_needs_name": "Pijače",
    "world_of_needs_parent": "17",
    "is_main_category": true,
    "super_categories": [
      {
        "code": "17",
        "name": "Hrana in bližnja hrana",
        "parent": "0"
      },
      {
        "code": "0",
        "name": "Svetovi potreb",
        "parent": ""
      }
    ],
    "position": 306,
    "tracking_payload": {
      "searchTrackingMasterId": "Product.10082112",
      "searchTrackingTitle": "Bio+ovseni+napitek+XXL",
      "searchTrackingPageSize": 100,
      "searchTrackingPage": 4,
      "searchTrackingEvent": "click",
      "list": "search",
      "searchTrackingId": "Product.10082112",
      "searchTrackingOrigPos": 1,
      "searchTrackingPos": 306,
      "searchTrackingOrigPageSize": 100,
      "searchTrackingChannel": "SI",
      "category": "Food"
    }
  },
  {
    "code": "10082114",
    "name": "Bio zamrznjeno sadje",
    "url": "",
    "result_class": "product",
    "type": "product",
    "product_id": 10082114,
    "erp_number": "10082114",
    "item_id": 10082114,
    "full_title": "FRESHONA Bio zamrznjeno sadje",
    "title": "Bio zamrznjeno sadje",
    "category": "Food",
    "product_type": "RETAIL",
    "age_restriction": false,
    "is_used_product": false,
    "multipack": false,
    "online": false,
    "store": true,
    "quick_add_to_cart": false,
    "flash_sales": false,
    "having_videos": false,
    "having_threesixty": false,
    "price": 3.29,
    "old_price": 0.0,
    "currency_code": "EUR",
    "currency_symbol": "€",
    "has_star": true,
    "has_vat": false,
    "price_theme": "white_red",
    "variants_have_different_prices": false,
    "base_price_text": "1 kg = 10.97",
    "base_price_prefix": false,
    "packaging_text": "300 g",
    "discount_deleted_price": null,
    "discount_text": null,
    "discount_percentage": null,
    "discount_has_star": null,
    "show_discount": null,
    "show_percentage": null,
    "from_recommended_price": null,
    "availability_indicator": 0,
    "online_available": false,
    "min_orderable_quantity": 1,
    "orderable_quantities": [],
    "badge_texts": [
      "V trgovini od 03.07."
    ],
    "badge_types": [
      "IN_STORE_FROM_DATE_PAST"
    ],
    "main_image": "https://imgproxy-retcat.assets.schwarz/X_GtS0xChCfpw3--GEU0cs9jNvSRzIZMHY-pa9tyBj4/sm:1/w:427/h:320/cz/M6Ly9wcm9kLWNhd/GFsb2ctbWVkaWEvc2kvMS9ERkEzQUI0QzE0MTIxMjU2OTBBREExNDR/EQ0QyNENEOUEwMUE4NUM1MkE4NTg0QTRDNDBENDNFOTkzNUE3Qzg1LmpwZw.jpg",
    "image_list": [
      "https://imgproxy-retcat.assets.schwarz/X_GtS0xChCfpw3--GEU0cs9jNvSRzIZMHY-pa9tyBj4/sm:1/w:427/h:320/cz/M6Ly9wcm9kLWNhd/GFsb2ctbWVkaWEvc2kvMS9ERkEzQUI0QzE0MTIxMjU2OTBBREExNDR/EQ0QyNENEOUEwMUE4NUM1MkE4NTg0QTRDNDBENDNFOTkzNUE3Qzg1LmpwZw.jpg",
      "https://imgproxy-retcat.assets.schwarz/_KNrlzdZAx2irLdborGNQ0hFwLGOzdtrfS-WCMSihio/sm:1/w:427/h:320/cz/M6Ly9wcm9kLWNhd/GFsb2ctbWVkaWEvc2kvMS80QTEyNDlBODQ2NEE2RTNBNzJGQUE1N0U/yMURBMUJCOTRFMzc3Q0Q0QUM5RTlFQUYyMjdBN0MzMjcwNjVGMDdDLmpwZw.jpg",
      "https://imgproxy-retcat.assets.schwarz/fU7yuJK6Aaiq7HeduzgKkAmwCTXI4CpCP2uZySzymvA/sm:1/w:427/h:320/cz/M6Ly9wcm9kLWNhd/GFsb2ctbWVkaWEvc2kvMS9GNjREQTBBOUEzOUM5OURDRTBENzg5NTU/yRkMzNTdBQjIxOTk5OTM5MzVFRkU2MjIwNUJEOEJBM0M3NERBRjBDLmpwZw.jpg"
    ],
    "image_accessibility": "Dve škatli zamrznjenega sadja: mango in mešana jagoda.",
    "detailed_images": [
      {
        "url": "https://imgproxy-retcat.assets.schwarz/X_GtS0xChCfpw3--GEU0cs9jNvSRzIZMHY-pa9tyBj4/sm:1/w:427/h:320/cz/M6Ly9wcm9kLWNhd/GFsb2ctbWVkaWEvc2kvMS9ERkEzQUI0QzE0MTIxMjU2OTBBREExNDR/EQ0QyNENEOUEwMUE4NUM1MkE4NTg0QTRDNDBENDNFOTkzNUE3Qzg1LmpwZw.jpg",
        "accessibility": "Dve škatli zamrznjenega sadja: mango in mešana jagoda."
      },
      {
        "url": "https://imgproxy-retcat.assets.schwarz/_KNrlzdZAx2irLdborGNQ0hFwLGOzdtrfS-WCMSihio/sm:1/w:427/h:320/cz/M6Ly9wcm9kLWNhd/GFsb2ctbWVkaWEvc2kvMS80QTEyNDlBODQ2NEE2RTNBNzJGQUE1N0U/yMURBMUJCOTRFMzc3Q0Q0QUM5RTlFQUYyMjdBN0MzMjcwNjVGMDdDLmpwZw.jpg",
        "accessibility": "Zamrznjeni bio mango Freshona."
      },
      {
        "url": "https://imgproxy-retcat.assets.schwarz/fU7yuJK6Aaiq7HeduzgKkAmwCTXI4CpCP2uZySzymvA/sm:1/w:427/h:320/cz/M6Ly9wcm9kLWNhd/GFsb2ctbWVkaWEvc2kvMS9GNjREQTBBOUEzOUM5OURDRTBENzg5NTU/yRkMzNTdBQjIxOTk5OTM5MzVFRkU2MjIwNUJEOEJBM0M3NERBRjBDLmpwZw.jpg",
        "accessibility": "Zamrznjeno bio mešano jagodičevje Freshona."
      }
    ],
    "analytics_category": "Food",
    "more_details": "Dodatne podrobnosti o izdelku",
    "won_category_primary": "Svetovi potreb/Hrana in bližnja hrana/Zamrznjena hrana (Zamrznjena hrana)",
    "won_category_primary_path": "0/17/1716",
    "canonical_path": "/p/freshona-bio-zamrznjeno-sadje/p10082114",
    "canonical_url": "/p/freshona-bio-zamrznjeno-sadje/p10082114",
    "awards": [],
    "seals": [
      {
        "altText": "Znak: Zamrznjeno",
        "image": "https://imgproxy-retcat.assets.schwarz/ayWyw20LfIYJzOhoc4KvR8G0z3S3CSGFD0vHUIK3dgY/sm:1/w:140/cz/M6Ly9wcm9kLWNhd/GFsb2ctbWVkaWEvc2kvMi81NkZCNjYzMzA5NkRFMERFNzUzNEI1ODY/xRDQ4Q0MxRTkxQkUzNUMxOTBGNTAyMURGMjJGODEyQzk0ODhCNTYwLnBuZw.png"
      }
    ],
    "ribbons": [],
    "highlighted_seals": 0,
    "lidl_plus": [],
    "regions": [],
    "ians": [
      "177336"
    ],
    "show_brand": true,
    "deal_of_day_active": false,
    "full_title_meta": "FRESHONA Bio zamrznjeno sadje",
    "lists": [
      4986
    ],
    "preview": false,
    "category_breadcrumbs": [
      {
        "id": "10068374",
        "name": "Hrana in pijača",
        "url": "/c/hrana-in-pijaca/s10068374",
        "hidden": false
      },
      {
        "id": "10071049",
        "name": "Zamrznjena hrana",
        "url": "/h/zamrznjena-hrana/h10071049",
        "hidden": false
      }
    ],
    "campaigns": [
      {
        "id": "Current_Sales_Week",
        "name": "Ta teden",
        "url": null,
        "hidden": false
      },
      {
        "id": "10074993",
        "name": "Eko ali Bio",
        "url": "/c/eko-ali-bio/a10074993",
        "hidden": false
      }
    ],
    "world_of_needs_code": "1716",
    "world_of_needs_name": "Zamrznjena hrana (Zamrznjena hrana)",
    "world_of_needs_parent": "17",
    "is_main_category": true,
    "super_categories": [
      {
        "code": "17",
        "name": "Hrana in bližnja hrana",
        "parent": "0"
      },
      {
        "code": "0",
        "name": "Svetovi potreb",
        "parent": ""
      }
    ],
    "position": 307,
    "tracking_payload": {
      "searchTrackingMasterId": "Product.10082114",
      "searchTrackingTitle": "Bio+zamrznjeno+sadje",
      "searchTrackingPageSize": 100,
      "searchTrackingPage": 4,
      "searchTrackingEvent": "click",
      "list": "search",
      "searchTrackingId": "Product.10082114",
      "searchTrackingOrigPos": 1,
      "searchTrackingPos": 307,
      "searchTrackingOrigPageSize": 100,
      "searchTrackingChannel": "SI",
      "category": "Food"
    }
  },
  {
    "code": "10082116",
    "name": "Bio čips iz sladkega krompirja",
    "url": "",
    "result_class": "product",
    "type": "product",
    "product_id": 10082116,
    "erp_number": "10082116",
    "item_id": 10082116,
    "full_title": "SNACK DAY Bio čips iz sladkega krompirja",
    "title": "Bio čips iz sladkega krompirja",
    "category": "Food",
    "product_type": "RETAIL",
    "age_restriction": false,
    "is_used_product": false,
    "multipack": false,
    "online": false,
    "store": true,
    "quick_add_to_cart": false,
    "flash_sales": false,
    "having_videos": false,
    "having_threesixty": false,
    "price": 1.79,
    "old_price": 0.0,
    "currency_code": "EUR",
    "currency_symbol": "€",
    "has_star": true,
    "has_vat": false,
    "price_theme": "white_red",
    "variants_have_different_prices": false,
    "base_price_text": "1 kg = 17.90",
    "base_price_prefix": false,
    "packaging_text": "100 g",
    "discount_deleted_price": null,
    "discount_text": null,
    "discount_percentage": null,
    "discount_has_star": null,
    "show_discount": null,
    "show_percentage": null,
    "from_recommended_price": null,
    "availability_indicator": 0,
    "online_available": false,
    "min_orderable_quantity": 1,
    "orderable_quantities": [],
    "badge_texts": [
      "V trgovini od 03.07."
    ],
    "badge_types": [
      "IN_STORE_FROM_DATE_PAST"
    ],
    "main_image": "https://imgproxy-retcat.assets.schwarz/ypy5R1wpXxnC76qRPdx_IvtCkdSH01_H5Esg_d4bVLA/sm:1/w:427/h:320/cz/M6Ly9wcm9kLWNhd/GFsb2ctbWVkaWEvc2kvMS8zRTIwNEQ1MEUwMkQ1OTRFMTk1RDYxNjg/4QzhCOTdDMTdGNDdCMjE0NDIwNTlFNkFCM0M3MDNGMTQwQUE1NjBELmpwZw.jpg",
    "image_list": [
      "https://imgproxy-retcat.assets.schwarz/ypy5R1wpXxnC76qRPdx_IvtCkdSH01_H5Esg_d4bVLA/sm:1/w:427/h:320/cz/M6Ly9wcm9kLWNhd/GFsb2ctbWVkaWEvc2kvMS8zRTIwNEQ1MEUwMkQ1OTRFMTk1RDYxNjg/4QzhCOTdDMTdGNDdCMjE0NDIwNTlFNkFCM0M3MDNGMTQwQUE1NjBELmpwZw.jpg"
    ],
    "image_accessibility": "Paket bio sladkih krompirjevih čipsov Snack Jack.",
    "detailed_images": [
      {
        "url": "https://imgproxy-retcat.assets.schwarz/ypy5R1wpXxnC76qRPdx_IvtCkdSH01_H5Esg_d4bVLA/sm:1/w:427/h:320/cz/M6Ly9wcm9kLWNhd/GFsb2ctbWVkaWEvc2kvMS8zRTIwNEQ1MEUwMkQ1OTRFMTk1RDYxNjg/4QzhCOTdDMTdGNDdCMjE0NDIwNTlFNkFCM0M3MDNGMTQwQUE1NjBELmpwZw.jpg",
        "accessibility": "Paket bio sladkih krompirjevih čipsov Snack Jack."
      }
    ],
    "analytics_category": "Food",
    "more_details": "Dodatne podrobnosti o izdelku",
    "won_category_primary": "Svetovi potreb/Hrana in bližnja hrana/Prigrizki in slaščice",
    "won_category_primary_path": "0/17/1721",
    "canonical_path": "/p/snack-day-bio-cips-iz-sladkega-krompirja/p10082116",
    "canonical_url": "/p/snack-day-bio-cips-iz-sladkega-krompirja/p10082116",
    "awards": [],
    "seals": [],
    "ribbons": [],
    "highlighted_seals": 0,
    "lidl_plus": [],
    "regions": [],
    "ians": [
      "140467"
    ],
    "show_brand": true,
    "deal_of_day_active": false,
    "full_title_meta": "SNACK DAY Bio čips iz sladkega krompirja",
    "lists": [
      4986
    ],
    "preview": false,
    "category_breadcrumbs": [
      {
        "id": "10068374",
        "name": "Hrana in pijača",
        "url": "/c/hrana-in-pijaca/s10068374",
        "hidden": false
      },
      {
        "id": "10071044",
        "name": "Prigrizki in sladkarije",
        "url": "/h/prigrizki-in-sladkarije/h10071044",
        "hidden": false
      }
    ],
    "campaigns": [
      {
        "id": "Current_Sales_Week",
        "name": "Ta teden",
        "url": null,
        "hidden": false
      },
      {
        "id": "10074993",
        "name": "Eko ali Bio",
        "url": "/c/eko-ali-bio/a10074993",
        "hidden": false
      }
    ],
    "world_of_needs_code": "1721",
    "world_of_needs_name": "Prigrizki in slaščice",
    "world_of_needs_parent": "17",
    "is_main_category": true,
    "super_categories": [
      {
        "code": "17",
        "name": "Hrana in bližnja hrana",
        "parent": "0"
      },
      {
        "code": "0",
        "name": "Svetovi potreb",
        "parent": ""
      }
    ],
    "position": 308,
    "tracking_payload": {
      "searchTrackingMasterId": "Product.10082116",
      "searchTrackingTitle": "Bio+%C4%8Dips+iz+sladkega+krompirja",
      "searchTrackingPageSize": 100,
      "searchTrackingPage": 4,
      "searchTrackingEvent": "click",
      "list": "search",
      "searchTrackingId": "Product.10082116",
      "searchTrackingOrigPos": 1,
      "searchTrackingPos": 308,
      "searchTrackingOrigPageSize": 100,
      "searchTrackingChannel": "SI",
      "category": "Food"
    }
  },
  {
    "code": "10082120",
    "name": "Bio deviško kokosovo olje",
    "url": "",
    "result_class": "product",
    "type": "product",
    "product_id": 10082120,
    "erp_number": "10082120",
    "item_id": 10082120,
    "full_title": "VITA D‘OR Bio deviško kokosovo olje",
    "title": "Bio deviško kokosovo olje",
    "category": "Food",
    "product_type": "RETAIL",
    "age_restriction": false,
    "is_used_product": false,
    "multipack": false,
    "online": false,
    "store": true,
    "quick_add_to_cart": false,
    "flash_sales": false,
    "having_videos": false,
    "having_threesixty": false,
    "price": 3.99,
    "old_price": 0.0,
    "currency_code": "EUR",
    "currency_symbol": "€",
    "has_star": true,
    "has_vat": false,
    "price_theme": "white_red",
    "variants_have_different_prices": false,
    "base_price_text": "1 l = 7.98",
    "base_price_prefix": false,
    "packaging_text": "500 ml",
    "discount_deleted_price": null,
    "discount_text": null,
    "discount_percentage": null,
    "discount_has_star": null,
    "show_discount": null,
    "show_percentage": null,
    "from_recommended_price": null,
    "availability_indicator": 0,
    "online_available": false,
    "min_orderable_quantity": 1,
    "orderable_quantities": [],
    "badge_texts": [
      "V trgovini od 03.07."
    ],
    "badge_types": [
      "IN_STORE_FROM_DATE_PAST"
    ],
    "main_image": "https://imgproxy-retcat.assets.schwarz/5hFyclU4trbpGEIxtpWkQqAxrHiMlaYnDzQTiil9XpU/sm:1/w:427/h:320/cz/M6Ly9wcm9kLWNhd/GFsb2ctbWVkaWEvc2kvMS84M0ZFOEIxODgyNTA4RUQ4ODhBOTcwQTk/wMEM1NzU0OEU0MUI5NzRDOUQ5QUM2Q0ZFMkQ4N0U0REIzRkFDMkVELmpwZw.jpg",
    "image_list": [
      "https://imgproxy-retcat.assets.schwarz/5hFyclU4trbpGEIxtpWkQqAxrHiMlaYnDzQTiil9XpU/sm:1/w:427/h:320/cz/M6Ly9wcm9kLWNhd/GFsb2ctbWVkaWEvc2kvMS84M0ZFOEIxODgyNTA4RUQ4ODhBOTcwQTk/wMEM1NzU0OEU0MUI5NzRDOUQ5QUM2Q0ZFMkQ4N0U0REIzRkFDMkVELmpwZw.jpg"
    ],
    "image_accessibility": "Kozarček deviškega kokosovega olja.",
    "detailed_images": [
      {
        "url": "https://imgproxy-retcat.assets.schwarz/5hFyclU4trbpGEIxtpWkQqAxrHiMlaYnDzQTiil9XpU/sm:1/w:427/h:320/cz/M6Ly9wcm9kLWNhd/GFsb2ctbWVkaWEvc2kvMS84M0ZFOEIxODgyNTA4RUQ4ODhBOTcwQTk/wMEM1NzU0OEU0MUI5NzRDOUQ5QUM2Q0ZFMkQ4N0U0REIzRkFDMkVELmpwZw.jpg",
        "accessibility": "Kozarček deviškega kokosovega olja."
      }
    ],
    "analytics_category": "Food",
    "more_details": "Dodatne podrobnosti o izdelku",
    "won_category_primary": "Svetovi potreb/Hrana in bližnja hrana/Maščobe, olja, kis in konzerve",
    "won_category_primary_path": "0/17/1735",
    "canonical_path": "/p/vita-d-or-bio-devisko-kokosovo-olje/p10082120",
    "canonical_url": "/p/vita-d-or-bio-devisko-kokosovo-olje/p10082120",
    "awards": [],
    "seals": [],
    "ribbons": [],
    "highlighted_seals": 0,
    "lidl_plus": [],
    "regions": [],
    "ians": [
      "119280"
    ],
    "show_brand": true,
    "deal_of_day_active": false,
    "full_title_meta": "VITA D‘OR Bio deviško kokosovo olje",
    "lists": [
      4986
    ],
    "preview": false,
    "category_breadcrumbs": [
      {
        "id": "10068374",
        "name": "Hrana in pijača",
        "url": "/c/hrana-in-pijaca/s10068374",
        "hidden": false
      },
      {
        "id": "10071681",
        "name": "Maščobe, olja, kis in konzerve",
        "url": "/h/mascobe-olja-kis-in-konzerve/h10071681",
        "hidden": false
      }
    ],
    "campaigns": [
      {
        "id": "Current_Sales_Week",
        "name": "Ta teden",
        "url": null,
        "hidden": false
      },
      {
        "id": "10074993",
        "name": "Eko ali Bio",
        "url": "/c/eko-ali-bio/a10074993",
        "hidden": false
      }
    ],
    "world_of_needs_code": "1735",
    "world_of_needs_name": "Maščobe, olja, kis in konzerve",
    "world_of_needs_parent": "17",
    "is_main_category": true,
    "super_categories": [
      {
        "code": "17",
        "name": "Hrana in bližnja hrana",
        "parent": "0"
      },
      {
        "code": "0",
        "name": "Svetovi potreb",
        "parent": ""
      }
    ],
    "position": 309,
    "tracking_payload": {
      "searchTrackingMasterId": "Product.10082120",
      "searchTrackingTitle": "Bio+devi%C5%A1ko+kokosovo+olje",
      "searchTrackingPageSize": 100,
      "searchTrackingPage": 4,
      "searchTrackingEvent": "click",
      "list": "search",
      "searchTrackingId": "Product.10082120",
      "searchTrackingOrigPos": 1,
      "searchTrackingPos": 309,
      "searchTrackingOrigPageSize": 100,
      "searchTrackingChannel": "SI",
      "category": "Food"
    }
  },
  {
    "code": "10082122",
    "name": "Bio stročnice",
    "url": "",
    "result_class": "product",
    "type": "product",
    "product_id": 10082122,
    "erp_number": "10082122",
    "item_id": 10082122,
    "full_title": "GOLDEN SUN Bio stročnice",
    "title": "Bio stročnice",
    "category": "Food",
    "product_type": "RETAIL",
    "age_restriction": false,
    "is_used_product": false,
    "multipack": false,
    "online": false,
    "store": true,
    "quick_add_to_cart": false,
    "flash_sales": false,
    "having_videos": false,
    "having_threesixty": false,
    "price": 1.99,
    "old_price": 0.0,
    "currency_code": "EUR",
    "currency_symbol": "€",
    "has_star": true,
    "has_vat": false,
    "price_theme": "white_red",
    "variants_have_different_prices": false,
    "base_price_text": "1 kg = 3.98",
    "base_price_prefix": false,
    "packaging_text": "500 g",
    "discount_deleted_price": null,
    "discount_text": null,
    "discount_percentage": null,
    "discount_has_star": null,
    "show_discount": null,
    "show_percentage": null,
    "from_recommended_price": null,
    "availability_indicator": 0,
    "online_available": false,
    "min_orderable_quantity": 1,
    "orderable_quantities": [],
    "badge_texts": [
      "V trgovini od 03.07."
    ],
    "badge_types": [
      "IN_STORE_FROM_DATE_PAST"
    ],
    "main_image": "https://imgproxy-retcat.assets.schwarz/cfq0Tgdbq2Z-4IQZOP5JK4k4brCq-frEbPRl_1Wcxtk/sm:1/w:427/h:320/cz/M6Ly9wcm9kLWNhd/GFsb2ctbWVkaWEvc2kvMS80NTlCRjYyOEUxMDFCQ0YyRjk3N0U5RjU/1RkUxNDY5Q0I1MkRGRjg2NTdGRDZCOUFDRUUyRTQ4RkU0REM3QzIxLmpwZw.jpg",
    "image_list": [
      "https://imgproxy-retcat.assets.schwarz/cfq0Tgdbq2Z-4IQZOP5JK4k4brCq-frEbPRl_1Wcxtk/sm:1/w:427/h:320/cz/M6Ly9wcm9kLWNhd/GFsb2ctbWVkaWEvc2kvMS80NTlCRjYyOEUxMDFCQ0YyRjk3N0U5RjU/1RkUxNDY5Q0I1MkRGRjg2NTdGRDZCOUFDRUUyRTQ4RkU0REM3QzIxLmpwZw.jpg",
      "https://imgproxy-retcat.assets.schwarz/1uBJiI-sORHXw3DLHJ3aiQIY0dw2akvsBolMWqjQ7lk/sm:1/w:427/h:320/cz/M6Ly9wcm9kLWNhd/GFsb2ctbWVkaWEvc2kvMS9DMTIxODAwN0M2NzIzNEE5RTM1RUY5RTQ/zMjMwREI1N0Q4RkE5RDhERjkyOTc1Q0UxQjlEMDcxOTM2N0RBMjQyLmpwZw.jpg",
      "https://imgproxy-retcat.assets.schwarz/q--JQrLrE206-dfGSOZPYp9OwMkIYsOZVxGcC7IT-kk/sm:1/w:427/h:320/cz/M6Ly9wcm9kLWNhd/GFsb2ctbWVkaWEvc2kvMS8xODQzNEQ1RTE1OUJDQzUwRjU2NjE0Njh/BQzFDQzQ1NjBFMTA0MzZFMDQwMjlEQzQ2QjgxOTdENTVGQjlGOURGLmpwZw.jpg"
    ],
    "image_accessibility": "Dve vrečki bio zelenjave: leča in grah.",
    "detailed_images": [
      {
        "url": "https://imgproxy-retcat.assets.schwarz/cfq0Tgdbq2Z-4IQZOP5JK4k4brCq-frEbPRl_1Wcxtk/sm:1/w:427/h:320/cz/M6Ly9wcm9kLWNhd/GFsb2ctbWVkaWEvc2kvMS80NTlCRjYyOEUxMDFCQ0YyRjk3N0U5RjU/1RkUxNDY5Q0I1MkRGRjg2NTdGRDZCOUFDRUUyRTQ4RkU0REM3QzIxLmpwZw.jpg",
        "accessibility": "Dve vrečki bio zelenjave: leča in grah."
      },
      {
        "url": "https://imgproxy-retcat.assets.schwarz/1uBJiI-sORHXw3DLHJ3aiQIY0dw2akvsBolMWqjQ7lk/sm:1/w:427/h:320/cz/M6Ly9wcm9kLWNhd/GFsb2ctbWVkaWEvc2kvMS9DMTIxODAwN0M2NzIzNEE5RTM1RUY5RTQ/zMjMwREI1N0Q4RkE5RDhERjkyOTc1Q0UxQjlEMDcxOTM2N0RBMjQyLmpwZw.jpg",
        "accessibility": "Pakiranje bio zelenih leč."
      },
      {
        "url": "https://imgproxy-retcat.assets.schwarz/q--JQrLrE206-dfGSOZPYp9OwMkIYsOZVxGcC7IT-kk/sm:1/w:427/h:320/cz/M6Ly9wcm9kLWNhd/GFsb2ctbWVkaWEvc2kvMS8xODQzNEQ1RTE1OUJDQzUwRjU2NjE0Njh/BQzFDQzQ1NjBFMTA0MzZFMDQwMjlEQzQ2QjgxOTdENTVGQjlGOURGLmpwZw.jpg",
        "accessibility": "Pakiranje bio rdečih leč."
      }
    ],
    "analytics_category": "Food",
    "more_details": "Dodatne podrobnosti o izdelku",
    "won_category_primary": "Svetovi potreb/Hrana in bližnja hrana/Jajca in osnovna živila (testenine, moka, stročnice itd.)",
    "won_category_primary_path": "0/17/1715",
    "canonical_path": "/p/golden-sun-bio-strocnice/p10082122",
    "canonical_url": "/p/golden-sun-bio-strocnice/p10082122",
    "awards": [],
    "seals": [],
    "ribbons": [],
    "highlighted_seals": 0,
    "lidl_plus": [],
    "regions": [],
    "ians": [
      "119562"
    ],
    "show_brand": true,
    "deal_of_day_active": false,
    "full_title_meta": "GOLDEN SUN Bio stročnice",
    "lists": [
      4986
    ],
    "preview": false,
    "category_breadcrumbs": [
      {
        "id": "10068374",
        "name": "Hrana in pijača",
        "url": "/c/hrana-in-pijaca/s10068374",
        "hidden": false
      },
      {
        "id": "10071045",
        "name": "Jajca in osnovna živila",
        "url": "/h/jajca-in-osnovna-zivila/h10071045",
        "hidden": false
      }
    ],
    "campaigns": [
      {
        "id": "Current_Sales_Week",
        "name": "Ta teden",
        "url": null,
        "hidden": false
      },
      {
        "id": "10074993",
        "name": "Eko ali Bio",
        "url": "/c/eko-ali-bio/a10074993",
        "hidden": false
      }
    ],
    "world_of_needs_code": "1715",
    "world_of_needs_name": "Jajca in osnovna živila (testenine, moka, stročnice itd.)",
    "world_of_needs_parent": "17",
    "is_main_category": true,
    "super_categories": [
      {
        "code": "17",
        "name": "Hrana in bližnja hrana",
        "parent": "0"
      },
      {
        "code": "0",
        "name": "Svetovi potreb",
        "parent": ""
      }
    ],
    "position": 310,
    "tracking_payload": {
      "searchTrackingMasterId": "Product.10082122",
      "searchTrackingTitle": "Bio+stro%C4%8Dnice",
      "searchTrackingPageSize": 100,
      "searchTrackingPage": 4,
      "searchTrackingEvent": "click",
      "list": "search",
      "searchTrackingId": "Product.10082122",
      "searchTrackingOrigPos": 1,
      "searchTrackingPos": 310,
      "searchTrackingOrigPageSize": 100,
      "searchTrackingChannel": "SI",
      "category": "Food"
    }
  },
  {
    "code": "10082124",
    "name": "Bio bezgov sirup",
    "url": "",
    "result_class": "product",
    "type": "product",
    "product_id": 10082124,
    "erp_number": "10082124",
    "item_id": 10082124,
    "full_title": "SOLEVITA Bio bezgov sirup",
    "title": "Bio bezgov sirup",
    "category": "Food",
    "product_type": "RETAIL",
    "age_restriction": false,
    "is_used_product": false,
    "multipack": false,
    "online": false,
    "store": true,
    "quick_add_to_cart": false,
    "flash_sales": false,
    "having_videos": false,
    "having_threesixty": false,
    "price": 2.99,
    "old_price": 0.0,
    "currency_code": "EUR",
    "currency_symbol": "€",
    "has_star": true,
    "has_vat": false,
    "price_theme": "white_red",
    "variants_have_different_prices": false,
    "base_price_text": "1 l = 5.98",
    "base_price_prefix": false,
    "packaging_text": "500 ml",
    "discount_deleted_price": null,
    "discount_text": null,
    "discount_percentage": null,
    "discount_has_star": null,
    "show_discount": null,
    "show_percentage": null,
    "from_recommended_price": null,
    "availability_indicator": 0,
    "online_available": false,
    "min_orderable_quantity": 1,
    "orderable_quantities": [],
    "badge_texts": [
      "V trgovini od 03.07."
    ],
    "badge_types": [
      "IN_STORE_FROM_DATE_PAST"
    ],
    "main_image": "https://imgproxy-retcat.assets.schwarz/dxt-o6YVXp3PODn0hXt-pmBNBbnnNrbsjqYBVYHonp8/sm:1/w:427/h:320/cz/M6Ly9wcm9kLWNhd/GFsb2ctbWVkaWEvc2kvMS8yRTkzMkJDRTYwMzM5NjI0MjQyMEI3MDE/4MjBGNDQ5QUU3NjY3NkE4NjFDODI4NDRBQzBGN0RCNzc5QzA2ODA0LmpwZw.jpg",
    "image_list": [
      "https://imgproxy-retcat.assets.schwarz/dxt-o6YVXp3PODn0hXt-pmBNBbnnNrbsjqYBVYHonp8/sm:1/w:427/h:320/cz/M6Ly9wcm9kLWNhd/GFsb2ctbWVkaWEvc2kvMS8yRTkzMkJDRTYwMzM5NjI0MjQyMEI3MDE/4MjBGNDQ5QUU3NjY3NkE4NjFDODI4NDRBQzBGN0RCNzc5QzA2ODA0LmpwZw.jpg"
    ],
    "image_accessibility": "Steklenica organskega sirupa iz cvetov lipe.",
    "detailed_images": [
      {
        "url": "https://imgproxy-retcat.assets.schwarz/dxt-o6YVXp3PODn0hXt-pmBNBbnnNrbsjqYBVYHonp8/sm:1/w:427/h:320/cz/M6Ly9wcm9kLWNhd/GFsb2ctbWVkaWEvc2kvMS8yRTkzMkJDRTYwMzM5NjI0MjQyMEI3MDE/4MjBGNDQ5QUU3NjY3NkE4NjFDODI4NDRBQzBGN0RCNzc5QzA2ODA0LmpwZw.jpg",
        "accessibility": "Steklenica organskega sirupa iz cvetov lipe."
      }
    ],
    "analytics_category": "Food",
    "more_details": "Dodatne podrobnosti o izdelku",
    "won_category_primary": "Svetovi potreb/Hrana in bližnja hrana/Džem, marmelada in med",
    "won_category_primary_path": "0/17/1712",
    "canonical_path": "/p/solevita-bio-bezgov-sirup/p10082124",
    "canonical_url": "/p/solevita-bio-bezgov-sirup/p10082124",
    "awards": [],
    "seals": [],
    "ribbons": [],
    "highlighted_seals": 0,
    "lidl_plus": [],
    "regions": [],
    "ians": [
      "7001093"
    ],
    "show_brand": true,
    "deal_of_day_active": false,
    "full_title_meta": "SOLEVITA Bio bezgov sirup",
    "lists": [
      4986
    ],
    "preview": false,
    "category_breadcrumbs": [
      {
        "id": "10068374",
        "name": "Hrana in pijača",
        "url": "/c/hrana-in-pijaca/s10068374",
        "hidden": false
      },
      {
        "id": "10071684",
        "name": "Džemi in namazi",
        "url": "/h/dzemi-in-namazi/h10071684",
        "hidden": false
      }
    ],
    "campaigns": [
      {
        "id": "Current_Sales_Week",
        "name": "Ta teden",
        "url": null,
        "hidden": false
      },
      {
        "id": "10074993",
        "name": "Eko ali Bio",
        "url": "/c/eko-ali-bio/a10074993",
        "hidden": false
      }
    ],
    "world_of_needs_code": "1712",
    "world_of_needs_name": "Džem, marmelada in med",
    "world_of_needs_parent": "17",
    "is_main_category": true,
    "super_categories": [
      {
        "code": "17",
        "name": "Hrana in bližnja hrana",
        "parent": "0"
      },
      {
        "code": "0",
        "name": "Svetovi potreb",
        "parent": ""
      }
    ],
    "position": 311,
    "tracking_payload": {
      "searchTrackingMasterId": "Product.10082124",
      "searchTrackingTitle": "Bio+bezgov+sirup",
      "searchTrackingPageSize": 100,
      "searchTrackingPage": 4,
      "searchTrackingEvent": "click",
      "list": "search",
      "searchTrackingId": "Product.10082124",
      "searchTrackingOrigPos": 1,
      "searchTrackingPos": 311,
      "searchTrackingOrigPageSize": 100,
      "searchTrackingChannel": "SI",
      "category": "Food"
    }
  },
  {
    "code": "10082126",
    "name": "Bio zelenjavna mešanica",
    "url": "",
    "result_class": "product",
    "type": "product",
    "product_id": 10082126,
    "erp_number": "10082126",
    "item_id": 10082126,
    "full_title": "FRESHONA Bio zelenjavna mešanica",
    "title": "Bio zelenjavna mešanica",
    "category": "Food",
    "product_type": "RETAIL",
    "age_restriction": false,
    "is_used_product": false,
    "multipack": false,
    "online": false,
    "store": true,
    "quick_add_to_cart": false,
    "flash_sales": false,
    "having_videos": false,
    "having_threesixty": false,
    "price": 2.49,
    "old_price": 0.0,
    "currency_code": "EUR",
    "currency_symbol": "€",
    "has_star": true,
    "has_vat": false,
    "price_theme": "white_red",
    "variants_have_different_prices": false,
    "base_price_text": "1 kg = 4.15",
    "base_price_prefix": false,
    "packaging_text": "600 g",
    "discount_deleted_price": null,
    "discount_text": null,
    "discount_percentage": null,
    "discount_has_star": null,
    "show_discount": null,
    "show_percentage": null,
    "from_recommended_price": null,
    "availability_indicator": 0,
    "online_available": false,
    "min_orderable_quantity": 1,
    "orderable_quantities": [],
    "badge_texts": [
      "V trgovini od 03.07."
    ],
    "badge_types": [
      "IN_STORE_FROM_DATE_PAST"
    ],
    "main_image": "https://imgproxy-retcat.assets.schwarz/FN-J8e8m02IS4OXVtVKiLf43cbnRQOQTPvByroOkpqc/sm:1/w:427/h:320/cz/M6Ly9wcm9kLWNhd/GFsb2ctbWVkaWEvc2kvMS83MDZCM0Y4MzMxRDg2OTIyOTgzQzI1NjY/4NTdFMEM5MkIzMTQ1ODQ2RTY5Qzk2NEJFREIzOTNCQjlGQjU0M0ZFLmpwZw.jpg",
    "image_list": [
      "https://imgproxy-retcat.assets.schwarz/FN-J8e8m02IS4OXVtVKiLf43cbnRQOQTPvByroOkpqc/sm:1/w:427/h:320/cz/M6Ly9wcm9kLWNhd/GFsb2ctbWVkaWEvc2kvMS83MDZCM0Y4MzMxRDg2OTIyOTgzQzI1NjY/4NTdFMEM5MkIzMTQ1ODQ2RTY5Qzk2NEJFREIzOTNCQjlGQjU0M0ZFLmpwZw.jpg",
      "https://imgproxy-retcat.assets.schwarz/Ofs7XDXHbM2eR6rbmm0I5H7CnlkaYSYyFhzXaiRu9ck/sm:1/w:427/h:320/cz/M6Ly9wcm9kLWNhd/GFsb2ctbWVkaWEvc2kvMS82MEQ4RUZGQTk5RkI3NDcyQzZFM0MyOEU/5RkI2QzNCOTVDQTlFMjI2RkU2RTBBNEFCMDREOUZCREQzODdCOERCLmpwZw.jpg",
      "https://imgproxy-retcat.assets.schwarz/HbrmAdq6k3FReuuPn_-jH_pwjfSt-mbsHzQtQIhwhX0/sm:1/w:427/h:320/cz/M6Ly9wcm9kLWNhd/GFsb2ctbWVkaWEvc2kvMS8yNDI3NzY0QjMxOUU1RDczMUZFNDZFMjE/4QzU4REVEMjY0OEY1NjM5MzQ4NUM1NTg1QjMxMDM3RkQ3NzQ4RDI2LmpwZw.jpg"
    ],
    "image_accessibility": "Dve vrečki zamrznjene mešanice zelenjave Bio-Cir Pan.",
    "detailed_images": [
      {
        "url": "https://imgproxy-retcat.assets.schwarz/FN-J8e8m02IS4OXVtVKiLf43cbnRQOQTPvByroOkpqc/sm:1/w:427/h:320/cz/M6Ly9wcm9kLWNhd/GFsb2ctbWVkaWEvc2kvMS83MDZCM0Y4MzMxRDg2OTIyOTgzQzI1NjY/4NTdFMEM5MkIzMTQ1ODQ2RTY5Qzk2NEJFREIzOTNCQjlGQjU0M0ZFLmpwZw.jpg",
        "accessibility": "Dve vrečki zamrznjene mešanice zelenjave Bio-Cir Pan."
      },
      {
        "url": "https://imgproxy-retcat.assets.schwarz/Ofs7XDXHbM2eR6rbmm0I5H7CnlkaYSYyFhzXaiRu9ck/sm:1/w:427/h:320/cz/M6Ly9wcm9kLWNhd/GFsb2ctbWVkaWEvc2kvMS82MEQ4RUZGQTk5RkI3NDcyQzZFM0MyOEU/5RkI2QzNCOTVDQTlFMjI2RkU2RTBBNEFCMDREOUZCREQzODdCOERCLmpwZw.jpg",
        "accessibility": "Zamrznjena bio mešanica zelenjave Frykona za cvrtje."
      },
      {
        "url": "https://imgproxy-retcat.assets.schwarz/HbrmAdq6k3FReuuPn_-jH_pwjfSt-mbsHzQtQIhwhX0/sm:1/w:427/h:320/cz/M6Ly9wcm9kLWNhd/GFsb2ctbWVkaWEvc2kvMS8yNDI3NzY0QjMxOUU1RDczMUZFNDZFMjE/4QzU4REVEMjY0OEY1NjM5MzQ4NUM1NTg1QjMxMDM3RkQ3NzQ4RDI2LmpwZw.jpg",
        "accessibility": "Zamrznjena bio mešanica zelenjave Forresta za cvrtje."
      }
    ],
    "analytics_category": "Food",
    "more_details": "Dodatne podrobnosti o izdelku",
    "won_category_primary": "Svetovi potreb/Hrana in bližnja hrana/Zamrznjena hrana (Zamrznjena hrana)",
    "won_category_primary_path": "0/17/1716",
    "canonical_path": "/p/freshona-bio-zelenjavna-mesanica/p10082126",
    "canonical_url": "/p/freshona-bio-zelenjavna-mesanica/p10082126",
    "awards": [],
    "seals": [
      {
        "altText": "Veganski znak V-Label International.",
        "image": "https://imgproxy-retcat.assets.schwarz/ISLamvPk8hk69l-VadCrdVW2krGoAe5YiNwWvgfLhC8/sm:1/w:140/cz/M6Ly9wcm9kLWNhd/GFsb2ctbWVkaWEvc2kvMi9BRDRDNEYxMzQwRDI3OTU2NEY5NzNFN0M/3M0UzQjk3ODM5OEQ5QTAxRTlDREVEOEY4MjRBRjBCNTBCMzI1M0EzLnBuZw.png"
      },
      {
        "altText": "Znak: Zamrznjeno",
        "image": "https://imgproxy-retcat.assets.schwarz/ayWyw20LfIYJzOhoc4KvR8G0z3S3CSGFD0vHUIK3dgY/sm:1/w:140/cz/M6Ly9wcm9kLWNhd/GFsb2ctbWVkaWEvc2kvMi81NkZCNjYzMzA5NkRFMERFNzUzNEI1ODY/xRDQ4Q0MxRTkxQkUzNUMxOTBGNTAyMURGMjJGODEyQzk0ODhCNTYwLnBuZw.png"
      }
    ],
    "ribbons": [],
    "highlighted_seals": 0,
    "lidl_plus": [],
    "regions": [],
    "ians": [
      "139082"
    ],
    "show_brand": true,
    "deal_of_day_active": false,
    "full_title_meta": "FRESHONA Bio zelenjavna mešanica",
    "lists": [
      4986
    ],
    "preview": false,
    "category_breadcrumbs": [
      {
        "id": "10068374",
        "name": "Hrana in pijača",
        "url": "/c/hrana-in-pijaca/s10068374",
        "hidden": false
      },
      {
        "id": "10071049",
        "name": "Zamrznjena hrana",
        "url": "/h/zamrznjena-hrana/h10071049",
        "hidden": false
      }
    ],
    "campaigns": [
      {
        "id": "Current_Sales_Week",
        "name": "Ta teden",
        "url": null,
        "hidden": false
      },
      {
        "id": "10074993",
        "name": "Eko ali Bio",
        "url": "/c/eko-ali-bio/a10074993",
        "hidden": false
      }
    ],
    "world_of_needs_code": "1716",
    "world_of_needs_name": "Zamrznjena hrana (Zamrznjena hrana)",
    "world_of_needs_parent": "17",
    "is_main_category": true,
    "super_categories": [
      {
        "code": "17",
        "name": "Hrana in bližnja hrana",
        "parent": "0"
      },
      {
        "code": "0",
        "name": "Svetovi potreb",
        "parent": ""
      }
    ],
    "position": 312,
    "tracking_payload": {
      "searchTrackingMasterId": "Product.10082126",
      "searchTrackingTitle": "Bio+zelenjavna+me%C5%A1anica",
      "searchTrackingPageSize": 100,
      "searchTrackingPage": 4,
      "searchTrackingEvent": "click",
      "list": "search",
      "searchTrackingId": "Product.10082126",
      "searchTrackingOrigPos": 1,
      "searchTrackingPos": 312,
      "searchTrackingOrigPageSize": 100,
      "searchTrackingChannel": "SI",
      "category": "Food"
    }
  },
  {
    "code": "10082128",
    "name": "Bio pesto",
    "url": "",
    "result_class": "product",
    "type": "product",
    "product_id": 10082128,
    "erp_number": "10082128",
    "item_id": 10082128,
    "full_title": "KANIA Bio pesto",
    "title": "Bio pesto",
    "category": "Food",
    "product_type": "RETAIL",
    "age_restriction": false,
    "is_used_product": false,
    "multipack": false,
    "online": false,
    "store": true,
    "quick_add_to_cart": false,
    "flash_sales": false,
    "having_videos": false,
    "having_threesixty": false,
    "price": 1.99,
    "old_price": 0.0,
    "currency_code": "EUR",
    "currency_symbol": "€",
    "has_star": true,
    "has_vat": false,
    "price_theme": "white_red",
    "variants_have_different_prices": false,
    "base_price_text": "1 kg = 10.47",
    "base_price_prefix": false,
    "packaging_text": "190 g",
    "discount_deleted_price": null,
    "discount_text": null,
    "discount_percentage": null,
    "discount_has_star": null,
    "show_discount": null,
    "show_percentage": null,
    "from_recommended_price": null,
    "availability_indicator": 0,
    "online_available": false,
    "min_orderable_quantity": 1,
    "orderable_quantities": [],
    "badge_texts": [
      "V trgovini od 03.07."
    ],
    "badge_types": [
      "IN_STORE_FROM_DATE_PAST"
    ],
    "main_image": "https://imgproxy-retcat.assets.schwarz/U9cwnrkSuqNU7pxXC9IsQP3448tIm2AYCu7V2MSVPY4/sm:1/w:427/h:320/cz/M6Ly9wcm9kLWNhd/GFsb2ctbWVkaWEvc2kvMS83QUQzNzQxMTFGMUFBMDE2M0M2MEEzOTI/wOTFDRTQxRERBOTlBNkUzODIyRUEzMDg0QTUzOEFBNjg5QzZBRUNDLmpwZw.jpg",
    "image_list": [
      "https://imgproxy-retcat.assets.schwarz/U9cwnrkSuqNU7pxXC9IsQP3448tIm2AYCu7V2MSVPY4/sm:1/w:427/h:320/cz/M6Ly9wcm9kLWNhd/GFsb2ctbWVkaWEvc2kvMS83QUQzNzQxMTFGMUFBMDE2M0M2MEEzOTI/wOTFDRTQxRERBOTlBNkUzODIyRUEzMDg0QTUzOEFBNjg5QzZBRUNDLmpwZw.jpg",
      "https://imgproxy-retcat.assets.schwarz/ovip85a5FfeCx0NS2FZk2QmfhrzRslokN9-FUjc4S5M/sm:1/w:427/h:320/cz/M6Ly9wcm9kLWNhd/GFsb2ctbWVkaWEvc2kvMS83REYzNkYzQTE4MkNCQTM4NjI4MDlBNDc/4RTQ1QzY4OUFGM0QyMDJEQTBCOEJBNUNCQzM0QjFBMUM3NjA4MEUzLmpwZw.jpg",
      "https://imgproxy-retcat.assets.schwarz/fY714YGCul1pbIdJtXGcDYRtKNBwfInx_cawyd4o2Ac/sm:1/w:427/h:320/cz/M6Ly9wcm9kLWNhd/GFsb2ctbWVkaWEvc2kvMS81MzI1OEZGOTI1REEyMEJBNDMyMkI5RkV/CRDlDQjlGMjQwREVGNkU1OTY0QjFDNjJENEEyREM2QThCMzU4RkZFLmpwZw.jpg"
    ],
    "image_accessibility": "Dve kozarci bio pesti, rdeča in zelena.",
    "detailed_images": [
      {
        "url": "https://imgproxy-retcat.assets.schwarz/U9cwnrkSuqNU7pxXC9IsQP3448tIm2AYCu7V2MSVPY4/sm:1/w:427/h:320/cz/M6Ly9wcm9kLWNhd/GFsb2ctbWVkaWEvc2kvMS83QUQzNzQxMTFGMUFBMDE2M0M2MEEzOTI/wOTFDRTQxRERBOTlBNkUzODIyRUEzMDg0QTUzOEFBNjg5QzZBRUNDLmpwZw.jpg",
        "accessibility": "Dve kozarci bio pesti, rdeča in zelena."
      },
      {
        "url": "https://imgproxy-retcat.assets.schwarz/ovip85a5FfeCx0NS2FZk2QmfhrzRslokN9-FUjc4S5M/sm:1/w:427/h:320/cz/M6Ly9wcm9kLWNhd/GFsb2ctbWVkaWEvc2kvMS83REYzNkYzQTE4MkNCQTM4NjI4MDlBNDc/4RTQ1QzY4OUFGM0QyMDJEQTBCOEJBNUNCQzM0QjFBMUM3NjA4MEUzLmpwZw.jpg",
        "accessibility": "Košček bio pesta v steklenem kozarcu."
      },
      {
        "url": "https://imgproxy-retcat.assets.schwarz/fY714YGCul1pbIdJtXGcDYRtKNBwfInx_cawyd4o2Ac/sm:1/w:427/h:320/cz/M6Ly9wcm9kLWNhd/GFsb2ctbWVkaWEvc2kvMS81MzI1OEZGOTI1REEyMEJBNDMyMkI5RkV/CRDlDQjlGMjQwREVGNkU1OTY0QjFDNjJENEEyREM2QThCMzU4RkZFLmpwZw.jpg",
        "accessibility": "Košček bio pesta v steklenem kozarcu."
      }
    ],
    "analytics_category": "Food",
    "more_details": "Dodatne podrobnosti o izdelku",
    "won_category_primary": "Svetovi potreb/Hrana in bližnja hrana/Začimbe, gorčica in omake",
    "won_category_primary_path": "0/17/1736",
    "canonical_path": "/p/kania-bio-pesto/p10082128",
    "canonical_url": "/p/kania-bio-pesto/p10082128",
    "awards": [],
    "seals": [],
    "ribbons": [],
    "highlighted_seals": 0,
    "lidl_plus": [],
    "regions": [],
    "ians": [
      "119450"
    ],
    "show_brand": true,
    "deal_of_day_active": false,
    "full_title_meta": "KANIA Bio pesto",
    "lists": [
      4986
    ],
    "preview": false,
    "category_breadcrumbs": [
      {
        "id": "10068374",
        "name": "Hrana in pijača",
        "url": "/c/hrana-in-pijaca/s10068374",
        "hidden": false
      },
      {
        "id": "10071682",
        "name": "Začimbe, gorčica in omake",
        "url": "/h/zacimbe-gorcica-in-omake/h10071682",
        "hidden": false
      }
    ],
    "campaigns": [
      {
        "id": "Current_Sales_Week",
        "name": "Ta teden",
        "url": null,
        "hidden": false
      },
      {
        "id": "10074993",
        "name": "Eko ali Bio",
        "url": "/c/eko-ali-bio/a10074993",
        "hidden": false
      }
    ],
    "world_of_needs_code": "1736",
    "world_of_needs_name": "Začimbe, gorčica in omake",
    "world_of_needs_parent": "17",
    "is_main_category": true,
    "super_categories": [
      {
        "code": "17",
        "name": "Hrana in bližnja hrana",
        "parent": "0"
      },
      {
        "code": "0",
        "name": "Svetovi potreb",
        "parent": ""
      }
    ],
    "position": 313,
    "tracking_payload": {
      "searchTrackingMasterId": "Product.10082128",
      "searchTrackingTitle": "Bio+pesto",
      "searchTrackingPageSize": 100,
      "searchTrackingPage": 4,
      "searchTrackingEvent": "click",
      "list": "search",
      "searchTrackingId": "Product.10082128",
      "searchTrackingOrigPos": 1,
      "searchTrackingPos": 313,
      "searchTrackingOrigPageSize": 100,
      "searchTrackingChannel": "SI",
      "category": "Food"
    }
  },
  {
    "code": "10082130",
    "name": "Bio polnjene testenine",
    "url": "",
    "result_class": "product",
    "type": "product",
    "product_id": 10082130,
    "erp_number": "10082130",
    "item_id": 10082130,
    "full_title": "CHEF SELECT Bio polnjene testenine",
    "title": "Bio polnjene testenine",
    "category": "Food",
    "product_type": "RETAIL",
    "age_restriction": false,
    "is_used_product": false,
    "multipack": false,
    "online": false,
    "store": true,
    "quick_add_to_cart": false,
    "flash_sales": false,
    "having_videos": false,
    "having_threesixty": false,
    "price": 2.29,
    "old_price": 0.0,
    "currency_code": "EUR",
    "currency_symbol": "€",
    "has_star": true,
    "has_vat": false,
    "price_theme": "white_red",
    "variants_have_different_prices": false,
    "base_price_text": "1 kg = 9.16",
    "base_price_prefix": false,
    "packaging_text": "250 g",
    "discount_deleted_price": null,
    "discount_text": null,
    "discount_percentage": null,
    "discount_has_star": null,
    "show_discount": null,
    "show_percentage": null,
    "from_recommended_price": null,
    "availability_indicator": 0,
    "online_available": false,
    "min_orderable_quantity": 1,
    "orderable_quantities": [],
    "badge_texts": [
      "V trgovini od 03.07."
    ],
    "badge_types": [
      "IN_STORE_FROM_DATE_PAST"
    ],
    "main_image": "https://imgproxy-retcat.assets.schwarz/cQAEm9VZtWBuPOhePkMWtIDyiLekm2Mg3rAOpu_9pts/sm:1/w:427/h:320/cz/M6Ly9wcm9kLWNhd/GFsb2ctbWVkaWEvc2kvMS9FRDM2MjMzMEQwRjZFOEJFQzYwMzBGMTB/EOTQ0MjZGQjZGNjUxRkFBODUzRjVCNkZENDVBRTMzOTY4RTQ5QUE1LmpwZw.jpg",
    "image_list": [
      "https://imgproxy-retcat.assets.schwarz/cQAEm9VZtWBuPOhePkMWtIDyiLekm2Mg3rAOpu_9pts/sm:1/w:427/h:320/cz/M6Ly9wcm9kLWNhd/GFsb2ctbWVkaWEvc2kvMS9FRDM2MjMzMEQwRjZFOEJFQzYwMzBGMTB/EOTQ0MjZGQjZGNjUxRkFBODUzRjVCNkZENDVBRTMzOTY4RTQ5QUE1LmpwZw.jpg",
      "https://imgproxy-retcat.assets.schwarz/Mz955TKSSPLGRP5oGIDigVyivFDgh3YxxmaQwRBvZqo/sm:1/w:427/h:320/cz/M6Ly9wcm9kLWNhd/GFsb2ctbWVkaWEvc2kvMS8zODkzRkMzODA5NDdGM0FFMUQ0RjQwOEQ/5MzA5ODFGQjdCRjQyNkI1NkIxQTAyQUY5RTlERUQ5NEY5RkZFNTBDLmpwZw.jpg",
      "https://imgproxy-retcat.assets.schwarz/KggJXCmxIsL-pd7RP6vZrciTetVoocchojHQYjBgxFQ/sm:1/w:427/h:320/cz/M6Ly9wcm9kLWNhd/GFsb2ctbWVkaWEvc2kvMS8yMUYxREJCRkMyNjZCN0U2OEI0MjBCMzI/wQjJEQ0RDODY1RUE1ODdDNzNBQjg0QzkxMUUyQUJDMjFBRTZDNUM1LmpwZw.jpg"
    ],
    "image_accessibility": "Pakirani biološki testenini, Bio Papardelle in Bio Klasične testenine, blagovne znamke Natur Produkt.",
    "detailed_images": [
      {
        "url": "https://imgproxy-retcat.assets.schwarz/cQAEm9VZtWBuPOhePkMWtIDyiLekm2Mg3rAOpu_9pts/sm:1/w:427/h:320/cz/M6Ly9wcm9kLWNhd/GFsb2ctbWVkaWEvc2kvMS9FRDM2MjMzMEQwRjZFOEJFQzYwMzBGMTB/EOTQ0MjZGQjZGNjUxRkFBODUzRjVCNkZENDVBRTMzOTY4RTQ5QUE1LmpwZw.jpg",
        "accessibility": "Pakirani biološki testenini, Bio Papardelle in Bio Klasične testenine, blagovne znamke Natur Produkt."
      },
      {
        "url": "https://imgproxy-retcat.assets.schwarz/Mz955TKSSPLGRP5oGIDigVyivFDgh3YxxmaQwRBvZqo/sm:1/w:427/h:320/cz/M6Ly9wcm9kLWNhd/GFsb2ctbWVkaWEvc2kvMS8zODkzRkMzODA5NDdGM0FFMUQ0RjQwOEQ/5MzA5ODFGQjdCRjQyNkI1NkIxQTAyQUY5RTlERUQ5NEY5RkZFNTBDLmpwZw.jpg",
        "accessibility": "Pakiranje bio raviolijev Chef Select."
      },
      {
        "url": "https://imgproxy-retcat.assets.schwarz/KggJXCmxIsL-pd7RP6vZrciTetVoocchojHQYjBgxFQ/sm:1/w:427/h:320/cz/M6Ly9wcm9kLWNhd/GFsb2ctbWVkaWEvc2kvMS8yMUYxREJCRkMyNjZCN0U2OEI0MjBCMzI/wQjJEQ0RDODY1RUE1ODdDNzNBQjg0QzkxMUUyQUJDMjFBRTZDNUM1LmpwZw.jpg",
        "accessibility": "Chef Select bio testenine Tagliatelle."
      }
    ],
    "analytics_category": "Food",
    "more_details": "Dodatne podrobnosti o izdelku",
    "won_category_primary": "Svetovi potreb/Hrana in bližnja hrana/Jajca in osnovna živila (testenine, moka, stročnice itd.)",
    "won_category_primary_path": "0/17/1715",
    "canonical_path": "/p/chef-select-bio-polnjene-testenine/p10082130",
    "canonical_url": "/p/chef-select-bio-polnjene-testenine/p10082130",
    "awards": [],
    "seals": [
      {
        "altText": "Nalepka: Hlajeno",
        "image": "https://imgproxy-retcat.assets.schwarz/7x3Iby7aD19hFySDnP2YoXt7E1r0JrvJVj0QO1gUOes/sm:1/w:140/cz/M6Ly9wcm9kLWNhd/GFsb2ctbWVkaWEvc2kvMi8xMzFBN0E2RDlCREZGREQxOEE2OTFDNEZ/FNDE5RTM0QUMxQjY4OEQ0OUY2QTAxMTRDRjQ1RjdCNTNDRjM2NUJBLnBuZw.png"
      }
    ],
    "ribbons": [
      {
        "type": "SPECIAL_DESCRIPTION",
        "text": "IZDELEK ŽAL NI NA VOLJO",
        "theme": "red"
      }
    ],
    "highlighted_seals": 0,
    "lidl_plus": [],
    "regions": [],
    "ians": [
      "6004521"
    ],
    "show_brand": true,
    "deal_of_day_active": false,
    "full_title_meta": "CHEF SELECT Bio polnjene testenine",
    "lists": [
      4986
    ],
    "preview": false,
    "category_breadcrumbs": [
      {
        "id": "10068374",
        "name": "Hrana in pijača",
        "url": "/c/hrana-in-pijaca/s10068374",
        "hidden": false
      },
      {
        "id": "10071045",
        "name": "Jajca in osnovna živila",
        "url": "/h/jajca-in-osnovna-zivila/h10071045",
        "hidden": false
      }
    ],
    "campaigns": [
      {
        "id": "Current_Sales_Week",
        "name": "Ta teden",
        "url": null,
        "hidden": false
      },
      {
        "id": "10074993",
        "name": "Eko ali Bio",
        "url": "/c/eko-ali-bio/a10074993",
        "hidden": false
      }
    ],
    "world_of_needs_code": "1715",
    "world_of_needs_name": "Jajca in osnovna živila (testenine, moka, stročnice itd.)",
    "world_of_needs_parent": "17",
    "is_main_category": true,
    "super_categories": [
      {
        "code": "17",
        "name": "Hrana in bližnja hrana",
        "parent": "0"
      },
      {
        "code": "0",
        "name": "Svetovi potreb",
        "parent": ""
      }
    ],
    "position": 314,
    "tracking_payload": {
      "searchTrackingMasterId": "Product.10082130",
      "searchTrackingTitle": "Bio+polnjene+testenine",
      "searchTrackingPageSize": 100,
      "searchTrackingPage": 4,
      "searchTrackingEvent": "click",
      "list": "search",
      "searchTrackingId": "Product.10082130",
      "searchTrackingOrigPos": 1,
      "searchTrackingPos": 314,
      "searchTrackingOrigPageSize": 100,
      "searchTrackingChannel": "SI",
      "category": "Food"
    }
  },
  {
    "code": "10082132",
    "name": "Bio veganski kokosov desert",
    "url": "",
    "result_class": "product",
    "type": "product",
    "product_id": 10082132,
    "erp_number": "10082132",
    "item_id": 10082132,
    "full_title": "VEMONDO Bio veganski kokosov desert",
    "title": "Bio veganski kokosov desert",
    "category": "Food",
    "product_type": "RETAIL",
    "age_restriction": false,
    "is_used_product": false,
    "multipack": false,
    "online": false,
    "store": true,
    "quick_add_to_cart": false,
    "flash_sales": false,
    "having_videos": false,
    "having_threesixty": false,
    "price": 0.99,
    "old_price": 0.0,
    "currency_code": "EUR",
    "currency_symbol": "€",
    "has_star": true,
    "has_vat": false,
    "price_theme": "white_red",
    "variants_have_different_prices": false,
    "base_price_text": "1 kg = 6.60",
    "base_price_prefix": false,
    "packaging_text": "150 g",
    "discount_deleted_price": null,
    "discount_text": "ZGRABITE PRILOŽNOST!",
    "discount_percentage": null,
    "discount_has_star": false,
    "show_discount": false,
    "show_percentage": false,
    "from_recommended_price": false,
    "availability_indicator": 0,
    "online_available": false,
    "min_orderable_quantity": 1,
    "orderable_quantities": [],
    "badge_texts": [
      "V trgovini od 03.07."
    ],
    "badge_types": [
      "IN_STORE_FROM_DATE_PAST"
    ],
    "main_image": "https://imgproxy-retcat.assets.schwarz/eWrfgUyzASdAbvKJFVGuVAClnTmtNAJYecuQtzij_5s/sm:1/w:427/h:320/cz/M6Ly9wcm9kLWNhd/GFsb2ctbWVkaWEvc2kvMS9GRkVBNTU5RjY5M0MyQkQ0MjU3RjU3Rjd/DMDdGNEE1M0ZFRDJDQkNCRjVBQTA4MDY4RDUwQUI4MkY1NEI4QzY3LmpwZw.jpg",
    "image_list": [
      "https://imgproxy-retcat.assets.schwarz/eWrfgUyzASdAbvKJFVGuVAClnTmtNAJYecuQtzij_5s/sm:1/w:427/h:320/cz/M6Ly9wcm9kLWNhd/GFsb2ctbWVkaWEvc2kvMS9GRkVBNTU5RjY5M0MyQkQ0MjU3RjU3Rjd/DMDdGNEE1M0ZFRDJDQkNCRjVBQTA4MDY4RDUwQUI4MkY1NEI4QzY3LmpwZw.jpg",
      "https://imgproxy-retcat.assets.schwarz/C4Mu7fSwrr1oyoQ1Pxch3dm8k_VQr8z32vkov7MtLqA/sm:1/w:427/h:320/cz/M6Ly9wcm9kLWNhd/GFsb2ctbWVkaWEvc2kvMS81MjRBMEZENDMxRTZDMTM5Rjk1RkU0MjM/2OUQ1MkE0RTZFOEM3MUI0RUNDNTY0MEJENTMwODhBOTcxRkE4RTg0LmpwZw.jpg",
      "https://imgproxy-retcat.assets.schwarz/2_fWGgX17vSti7KgqOgm9NP6ImmAVWWSrawOOfw-jL8/sm:1/w:427/h:320/cz/M6Ly9wcm9kLWNhd/GFsb2ctbWVkaWEvc2kvMS82OUNCNjAxMENGNUY5N0IyNkQ4OUU3QzI/5QzQ5QzIxM0E3MDlDNTJDMTQyQUZBREVGRTkxMDZDNkExMTI0RTQ4LmpwZw.jpg"
    ],
    "image_accessibility": "Dva lončka kokosovega jogurta z breskvami.",
    "detailed_images": [
      {
        "url": "https://imgproxy-retcat.assets.schwarz/eWrfgUyzASdAbvKJFVGuVAClnTmtNAJYecuQtzij_5s/sm:1/w:427/h:320/cz/M6Ly9wcm9kLWNhd/GFsb2ctbWVkaWEvc2kvMS9GRkVBNTU5RjY5M0MyQkQ0MjU3RjU3Rjd/DMDdGNEE1M0ZFRDJDQkNCRjVBQTA4MDY4RDUwQUI4MkY1NEI4QzY3LmpwZw.jpg",
        "accessibility": "Dva lončka kokosovega jogurta z breskvami."
      },
      {
        "url": "https://imgproxy-retcat.assets.schwarz/C4Mu7fSwrr1oyoQ1Pxch3dm8k_VQr8z32vkov7MtLqA/sm:1/w:427/h:320/cz/M6Ly9wcm9kLWNhd/GFsb2ctbWVkaWEvc2kvMS81MjRBMEZENDMxRTZDMTM5Rjk1RkU0MjM/2OUQ1MkE0RTZFOEM3MUI0RUNDNTY0MEJENTMwODhBOTcxRkE4RTg0LmpwZw.jpg",
        "accessibility": "Vepmondo bio kokosovo jogurtovo poslastica z mangom."
      },
      {
        "url": "https://imgproxy-retcat.assets.schwarz/2_fWGgX17vSti7KgqOgm9NP6ImmAVWWSrawOOfw-jL8/sm:1/w:427/h:320/cz/M6Ly9wcm9kLWNhd/GFsb2ctbWVkaWEvc2kvMS82OUNCNjAxMENGNUY5N0IyNkQ4OUU3QzI/5QzQ5QzIxM0E3MDlDNTJDMTQyQUZBREVGRTkxMDZDNkExMTI0RTQ4LmpwZw.jpg",
        "accessibility": "Vremenski bio kokosovo jogurt s breskvami."
      }
    ],
    "analytics_category": "Food",
    "more_details": "Dodatne podrobnosti o izdelku",
    "won_category_primary": "Svetovi potreb/Hrana in bližnja hrana/Prigrizki in slaščice",
    "won_category_primary_path": "0/17/1721",
    "canonical_path": "/p/vemondo-bio-veganski-kokosov-desert/p10082132",
    "canonical_url": "/p/vemondo-bio-veganski-kokosov-desert/p10082132",
    "awards": [],
    "seals": [
      {
        "altText": "Veganski znak V-Label International.",
        "image": "https://imgproxy-retcat.assets.schwarz/ISLamvPk8hk69l-VadCrdVW2krGoAe5YiNwWvgfLhC8/sm:1/w:140/cz/M6Ly9wcm9kLWNhd/GFsb2ctbWVkaWEvc2kvMi9BRDRDNEYxMzQwRDI3OTU2NEY5NzNFN0M/3M0UzQjk3ODM5OEQ5QTAxRTlDREVEOEY4MjRBRjBCNTBCMzI1M0EzLnBuZw.png"
      },
      {
        "altText": "Nalepka: Hlajeno",
        "image": "https://imgproxy-retcat.assets.schwarz/7x3Iby7aD19hFySDnP2YoXt7E1r0JrvJVj0QO1gUOes/sm:1/w:140/cz/M6Ly9wcm9kLWNhd/GFsb2ctbWVkaWEvc2kvMi8xMzFBN0E2RDlCREZGREQxOEE2OTFDNEZ/FNDE5RTM0QUMxQjY4OEQ0OUY2QTAxMTRDRjQ1RjdCNTNDRjM2NUJBLnBuZw.png"
      }
    ],
    "ribbons": [],
    "highlighted_seals": 0,
    "lidl_plus": [],
    "regions": [],
    "ians": [
      "5526609"
    ],
    "show_brand": true,
    "deal_of_day_active": false,
    "full_title_meta": "VEMONDO Bio veganski kokosov desert",
    "lists": [
      4986
    ],
    "preview": false,
    "category_breadcrumbs": [
      {
        "id": "10068374",
        "name": "Hrana in pijača",
        "url": "/c/hrana-in-pijaca/s10068374",
        "hidden": false
      },
      {
        "id": "10071044",
        "name": "Prigrizki in sladkarije",
        "url": "/h/prigrizki-in-sladkarije/h10071044",
        "hidden": false
      }
    ],
    "campaigns": [
      {
        "id": "Current_Sales_Week",
        "name": "Ta teden",
        "url": null,
        "hidden": false
      },
      {
        "id": "10074993",
        "name": "Eko ali Bio",
        "url": "/c/eko-ali-bio/a10074993",
        "hidden": false
      }
    ],
    "world_of_needs_code": "1721",
    "world_of_needs_name": "Prigrizki in slaščice",
    "world_of_needs_parent": "17",
    "is_main_category": true,
    "super_categories": [
      {
        "code": "17",
        "name": "Hrana in bližnja hrana",
        "parent": "0"
      },
      {
        "code": "0",
        "name": "Svetovi potreb",
        "parent": ""
      }
    ],
    "position": 315,
    "tracking_payload": {
      "searchTrackingMasterId": "Product.10082132",
      "searchTrackingTitle": "Bio+veganski+kokosov+desert",
      "searchTrackingPageSize": 100,
      "searchTrackingPage": 4,
      "searchTrackingEvent": "click",
      "list": "search",
      "searchTrackingId": "Product.10082132",
      "searchTrackingOrigPos": 1,
      "searchTrackingPos": 315,
      "searchTrackingOrigPageSize": 100,
      "searchTrackingChannel": "SI",
      "category": "Food"
    }
  },
  {
    "code": "10082134",
    "name": "Bio pica",
    "url": "",
    "result_class": "product",
    "type": "product",
    "product_id": 10082134,
    "erp_number": "10082134",
    "item_id": 10082134,
    "full_title": "TRATTORIA ALFREDO Bio pica",
    "title": "Bio pica",
    "category": "Food",
    "product_type": "RETAIL",
    "age_restriction": false,
    "is_used_product": false,
    "multipack": false,
    "online": false,
    "store": true,
    "quick_add_to_cart": false,
    "flash_sales": false,
    "having_videos": false,
    "having_threesixty": false,
    "price": 2.99,
    "old_price": 0.0,
    "currency_code": "EUR",
    "currency_symbol": "€",
    "has_star": true,
    "has_vat": false,
    "price_theme": "white_red",
    "variants_have_different_prices": false,
    "base_price_text": "1 kg = 9.01/8.54",
    "base_price_prefix": false,
    "packaging_text": "332/350 g",
    "discount_deleted_price": null,
    "discount_text": null,
    "discount_percentage": null,
    "discount_has_star": null,
    "show_discount": null,
    "show_percentage": null,
    "from_recommended_price": null,
    "availability_indicator": 0,
    "online_available": false,
    "min_orderable_quantity": 1,
    "orderable_quantities": [],
    "badge_texts": [
      "V trgovini od 03.07."
    ],
    "badge_types": [
      "IN_STORE_FROM_DATE_PAST"
    ],
    "main_image": "https://imgproxy-retcat.assets.schwarz/MxirrGx4V22qrGtaTfE-Y-s6EoK8kQBZ4yLZBEefVww/sm:1/w:427/h:320/cz/M6Ly9wcm9kLWNhd/GFsb2ctbWVkaWEvc2kvMS80QTE3NEM0MTE4M0QwRjA5OEQ0MDVCRUN/FNkMxMDk0RDhBQkYzQkEwMzEzMzA3N0U0M0YwNTNERDkzMUExRjFCLmpwZw.jpg",
    "image_list": [
      "https://imgproxy-retcat.assets.schwarz/MxirrGx4V22qrGtaTfE-Y-s6EoK8kQBZ4yLZBEefVww/sm:1/w:427/h:320/cz/M6Ly9wcm9kLWNhd/GFsb2ctbWVkaWEvc2kvMS80QTE3NEM0MTE4M0QwRjA5OEQ0MDVCRUN/FNkMxMDk0RDhBQkYzQkEwMzEzMzA3N0U0M0YwNTNERDkzMUExRjFCLmpwZw.jpg",
      "https://imgproxy-retcat.assets.schwarz/rklsPuhfJDxoHDYxgRI68JV6oUiMDDywoHI7SowjNNI/sm:1/w:427/h:320/cz/M6Ly9wcm9kLWNhd/GFsb2ctbWVkaWEvc2kvMS9EMjI4QURDMkRCM0Q3QzcwNUI3Qzg4Mjc/yMjkxMkEzNDQxMUFBRTMyQTA1OUNBQjQ2OTUyMzA0NDNDQzYyMkYxLmpwZw.jpg",
      "https://imgproxy-retcat.assets.schwarz/pTkTxb3pikqrVGOyeK-nwEBhEGT9fd6875LTm_cbNq4/sm:1/w:427/h:320/cz/M6Ly9wcm9kLWNhd/GFsb2ctbWVkaWEvc2kvMS8yNEUwOUMwQzBCOEM5ODExQ0U2MTEyRDV/DRjcxQjU3REJEODIwQTc3RDNFREQwNTc2QjU0MzA4MDBCNjREQjU0LmpwZw.jpg"
    ],
    "image_accessibility": "Dve zamrznjeni bio pici, ena s šunko in ena s pečenim salamijem.",
    "detailed_images": [
      {
        "url": "https://imgproxy-retcat.assets.schwarz/MxirrGx4V22qrGtaTfE-Y-s6EoK8kQBZ4yLZBEefVww/sm:1/w:427/h:320/cz/M6Ly9wcm9kLWNhd/GFsb2ctbWVkaWEvc2kvMS80QTE3NEM0MTE4M0QwRjA5OEQ0MDVCRUN/FNkMxMDk0RDhBQkYzQkEwMzEzMzA3N0U0M0YwNTNERDkzMUExRjFCLmpwZw.jpg",
        "accessibility": "Dve zamrznjeni bio pici, ena s šunko in ena s pečenim salamijem."
      },
      {
        "url": "https://imgproxy-retcat.assets.schwarz/rklsPuhfJDxoHDYxgRI68JV6oUiMDDywoHI7SowjNNI/sm:1/w:427/h:320/cz/M6Ly9wcm9kLWNhd/GFsb2ctbWVkaWEvc2kvMS9EMjI4QURDMkRCM0Q3QzcwNUI3Qzg4Mjc/yMjkxMkEzNDQxMUFBRTMyQTA1OUNBQjQ2OTUyMzA0NDNDQzYyMkYxLmpwZw.jpg",
        "accessibility": "Zamrznjena bio pizza s pršutom, blagovna znamka BioMio."
      },
      {
        "url": "https://imgproxy-retcat.assets.schwarz/pTkTxb3pikqrVGOyeK-nwEBhEGT9fd6875LTm_cbNq4/sm:1/w:427/h:320/cz/M6Ly9wcm9kLWNhd/GFsb2ctbWVkaWEvc2kvMS8yNEUwOUMwQzBCOEM5ODExQ0U2MTEyRDV/DRjcxQjU3REJEODIwQTc3RDNFREQwNTc2QjU0MzA4MDBCNjREQjU0LmpwZw.jpg",
        "accessibility": "Zamrznjena bio pizza s salami od Bio Vollkorn."
      }
    ],
    "analytics_category": "Food",
    "more_details": "Dodatne podrobnosti o izdelku",
    "won_category_primary": "Svetovi potreb/Hrana in bližnja hrana/Zamrznjena hrana (Zamrznjena hrana)",
    "won_category_primary_path": "0/17/1716",
    "canonical_path": "/p/trattoria-alfredo-bio-pica/p10082134",
    "canonical_url": "/p/trattoria-alfredo-bio-pica/p10082134",
    "awards": [],
    "seals": [
      {
        "altText": "Znak: Zamrznjeno",
        "image": "https://imgproxy-retcat.assets.schwarz/ayWyw20LfIYJzOhoc4KvR8G0z3S3CSGFD0vHUIK3dgY/sm:1/w:140/cz/M6Ly9wcm9kLWNhd/GFsb2ctbWVkaWEvc2kvMi81NkZCNjYzMzA5NkRFMERFNzUzNEI1ODY/xRDQ4Q0MxRTkxQkUzNUMxOTBGNTAyMURGMjJGODEyQzk0ODhCNTYwLnBuZw.png"
      }
    ],
    "ribbons": [],
    "highlighted_seals": 0,
    "lidl_plus": [],
    "regions": [],
    "ians": [
      "124651"
    ],
    "show_brand": true,
    "deal_of_day_active": false,
    "full_title_meta": "TRATTORIA ALFREDO Bio pica",
    "lists": [
      4986
    ],
    "preview": false,
    "category_breadcrumbs": [
      {
        "id": "10068374",
        "name": "Hrana in pijača",
        "url": "/c/hrana-in-pijaca/s10068374",
        "hidden": false
      },
      {
        "id": "10071049",
        "name": "Zamrznjena hrana",
        "url": "/h/zamrznjena-hrana/h10071049",
        "hidden": false
      }
    ],
    "campaigns": [
      {
        "id": "Current_Sales_Week",
        "name": "Ta teden",
        "url": null,
        "hidden": false
      },
      {
        "id": "10074993",
        "name": "Eko ali Bio",
        "url": "/c/eko-ali-bio/a10074993",
        "hidden": false
      }
    ],
    "world_of_needs_code": "1716",
    "world_of_needs_name": "Zamrznjena hrana (Zamrznjena hrana)",
    "world_of_needs_parent": "17",
    "is_main_category": true,
    "super_categories": [
      {
        "code": "17",
        "name": "Hrana in bližnja hrana",
        "parent": "0"
      },
      {
        "code": "0",
        "name": "Svetovi potreb",
        "parent": ""
      }
    ],
    "position": 316,
    "tracking_payload": {
      "searchTrackingMasterId": "Product.10082134",
      "searchTrackingTitle": "Bio+pica",
      "searchTrackingPageSize": 100,
      "searchTrackingPage": 4,
      "searchTrackingEvent": "click",
      "list": "search",
      "searchTrackingId": "Product.10082134",
      "searchTrackingOrigPos": 1,
      "searchTrackingPos": 316,
      "searchTrackingOrigPageSize": 100,
      "searchTrackingChannel": "SI",
      "category": "Food"
    }
  },
  {
    "code": "10082136",
    "name": "Bio javorjev sirup",
    "url": "",
    "result_class": "product",
    "type": "product",
    "product_id": 10082136,
    "erp_number": "10082136",
    "item_id": 10082136,
    "full_title": "MARIBEL Bio javorjev sirup",
    "title": "Bio javorjev sirup",
    "category": "Food",
    "product_type": "RETAIL",
    "age_restriction": false,
    "is_used_product": false,
    "multipack": false,
    "online": false,
    "store": true,
    "quick_add_to_cart": false,
    "flash_sales": false,
    "having_videos": false,
    "having_threesixty": false,
    "price": 3.89,
    "old_price": 0.0,
    "currency_code": "EUR",
    "currency_symbol": "€",
    "has_star": true,
    "has_vat": false,
    "price_theme": "white_red",
    "variants_have_different_prices": false,
    "base_price_text": "1 l = 15.56",
    "base_price_prefix": false,
    "packaging_text": "250 ml",
    "discount_deleted_price": null,
    "discount_text": null,
    "discount_percentage": null,
    "discount_has_star": null,
    "show_discount": null,
    "show_percentage": null,
    "from_recommended_price": null,
    "availability_indicator": 0,
    "online_available": false,
    "min_orderable_quantity": 1,
    "orderable_quantities": [],
    "badge_texts": [
      "V trgovini od 03.07."
    ],
    "badge_types": [
      "IN_STORE_FROM_DATE_PAST"
    ],
    "main_image": "https://imgproxy-retcat.assets.schwarz/gyynlySyx1FaeIR88BvV4Hl7wkbPFXIR1ggqGVSFrOY/sm:1/w:427/h:320/cz/M6Ly9wcm9kLWNhd/GFsb2ctbWVkaWEvc2kvMS8yQTUxQjVDQTc0QTJBNzRGODhCNzU3ODM/zMzhGRERFQzBDQkZCMTg0QjM1QTZBMTQ2NkVEQTYxQzIyNEFDMUYwLmpwZw.jpg",
    "image_list": [
      "https://imgproxy-retcat.assets.schwarz/gyynlySyx1FaeIR88BvV4Hl7wkbPFXIR1ggqGVSFrOY/sm:1/w:427/h:320/cz/M6Ly9wcm9kLWNhd/GFsb2ctbWVkaWEvc2kvMS8yQTUxQjVDQTc0QTJBNzRGODhCNzU3ODM/zMzhGRERFQzBDQkZCMTg0QjM1QTZBMTQ2NkVEQTYxQzIyNEFDMUYwLmpwZw.jpg"
    ],
    "image_accessibility": "Steklenica javorjevega sirupa.",
    "detailed_images": [
      {
        "url": "https://imgproxy-retcat.assets.schwarz/gyynlySyx1FaeIR88BvV4Hl7wkbPFXIR1ggqGVSFrOY/sm:1/w:427/h:320/cz/M6Ly9wcm9kLWNhd/GFsb2ctbWVkaWEvc2kvMS8yQTUxQjVDQTc0QTJBNzRGODhCNzU3ODM/zMzhGRERFQzBDQkZCMTg0QjM1QTZBMTQ2NkVEQTYxQzIyNEFDMUYwLmpwZw.jpg",
        "accessibility": "Steklenica javorjevega sirupa."
      }
    ],
    "analytics_category": "Food",
    "more_details": "Dodatne podrobnosti o izdelku",
    "won_category_primary": "Svetovi potreb/Hrana in bližnja hrana/Džem, marmelada in med",
    "won_category_primary_path": "0/17/1712",
    "canonical_path": "/p/maribel-bio-javorjev-sirup/p10082136",
    "canonical_url": "/p/maribel-bio-javorjev-sirup/p10082136",
    "awards": [],
    "seals": [],
    "ribbons": [],
    "highlighted_seals": 0,
    "lidl_plus": [],
    "regions": [],
    "ians": [
      "119550"
    ],
    "show_brand": true,
    "deal_of_day_active": false,
    "full_title_meta": "MARIBEL Bio javorjev sirup",
    "lists": [
      4986
    ],
    "preview": false,
    "category_breadcrumbs": [
      {
        "id": "10068374",
        "name": "Hrana in pijača",
        "url": "/c/hrana-in-pijaca/s10068374",
        "hidden": false
      },
      {
        "id": "10071684",
        "name": "Džemi in namazi",
        "url": "/h/dzemi-in-namazi/h10071684",
        "hidden": false
      }
    ],
    "campaigns": [
      {
        "id": "Current_Sales_Week",
        "name": "Ta teden",
        "url": null,
        "hidden": false
      },
      {
        "id": "10074993",
        "name": "Eko ali Bio",
        "url": "/c/eko-ali-bio/a10074993",
        "hidden": false
      }
    ],
    "world_of_needs_code": "1712",
    "world_of_needs_name": "Džem, marmelada in med",
    "world_of_needs_parent": "17",
    "is_main_category": true,
    "super_categories": [
      {
        "code": "17",
        "name": "Hrana in bližnja hrana",
        "parent": "0"
      },
      {
        "code": "0",
        "name": "Svetovi potreb",
        "parent": ""
      }
    ],
    "position": 317,
    "tracking_payload": {
      "searchTrackingMasterId": "Product.10082136",
      "searchTrackingTitle": "Bio+javorjev+sirup",
      "searchTrackingPageSize": 100,
      "searchTrackingPage": 4,
      "searchTrackingEvent": "click",
      "list": "search",
      "searchTrackingId": "Product.10082136",
      "searchTrackingOrigPos": 1,
      "searchTrackingPos": 317,
      "searchTrackingOrigPageSize": 100,
      "searchTrackingChannel": "SI",
      "category": "Food"
    }
  },
  {
    "code": "10082144",
    "name": "Bio veganske testenine",
    "url": "",
    "result_class": "product",
    "type": "product",
    "product_id": 10082144,
    "erp_number": "10082144",
    "item_id": 10082144,
    "full_title": "COMBINO Bio veganske testenine",
    "title": "Bio veganske testenine",
    "category": "Food",
    "product_type": "RETAIL",
    "age_restriction": false,
    "is_used_product": false,
    "multipack": false,
    "online": false,
    "store": true,
    "quick_add_to_cart": false,
    "flash_sales": false,
    "having_videos": false,
    "having_threesixty": false,
    "price": 1.49,
    "old_price": 0.0,
    "currency_code": "EUR",
    "currency_symbol": "€",
    "has_star": true,
    "has_vat": false,
    "price_theme": "white_red",
    "variants_have_different_prices": false,
    "base_price_text": "1 kg = 5.96",
    "base_price_prefix": false,
    "packaging_text": "250 g",
    "discount_deleted_price": null,
    "discount_text": null,
    "discount_percentage": null,
    "discount_has_star": null,
    "show_discount": null,
    "show_percentage": null,
    "from_recommended_price": null,
    "availability_indicator": 0,
    "online_available": false,
    "min_orderable_quantity": 1,
    "orderable_quantities": [],
    "badge_texts": [
      "V trgovini od 03.07."
    ],
    "badge_types": [
      "IN_STORE_FROM_DATE_PAST"
    ],
    "main_image": "https://imgproxy-retcat.assets.schwarz/EoJtVvYEWVtsnxsayv_kYW-qGhjlURGLqr1Htld4oZA/sm:1/w:427/h:320/cz/M6Ly9wcm9kLWNhd/GFsb2ctbWVkaWEvc2kvMS83MTgzRUJEQTQwMDlDRDVBQ0U5OEUyMEM/1RTdCNjkzMTRBMzMzRDg1RjVENEVBNUU1RUQwOUYyMkMyNzEzMTk4LmpwZw.jpg",
    "image_list": [
      "https://imgproxy-retcat.assets.schwarz/EoJtVvYEWVtsnxsayv_kYW-qGhjlURGLqr1Htld4oZA/sm:1/w:427/h:320/cz/M6Ly9wcm9kLWNhd/GFsb2ctbWVkaWEvc2kvMS83MTgzRUJEQTQwMDlDRDVBQ0U5OEUyMEM/1RTdCNjkzMTRBMzMzRDg1RjVENEVBNUU1RUQwOUYyMkMyNzEzMTk4LmpwZw.jpg",
      "https://imgproxy-retcat.assets.schwarz/IZtywElAXymUY3H5gHrsSEbbVnB4Ek_BN_E5lFb50jU/sm:1/w:427/h:320/cz/M6Ly9wcm9kLWNhd/GFsb2ctbWVkaWEvc2kvMS9GMEMyNzVBQzUxRjEzQTFBNjMyQzMwOEM/3M0VGNUNENDBDMzU0MjQ1NjkyMUIwMkJCOEQ4QTkzMkNFMEQ2NEMwLmpwZw.jpg",
      "https://imgproxy-retcat.assets.schwarz/6C5sIba-4HEJxHvhHVXIJ4U4Ws6v7jHEorkJqe6S6a4/sm:1/w:427/h:320/cz/M6Ly9wcm9kLWNhd/GFsb2ctbWVkaWEvc2kvMS85MTc4Qjg4NkUyMDMwRkZENDdDMDc5N0Y/1QjMwOEREN0E1NUU1QzMzODZDQzBCOEMxNEMwNjgwNTFFNkZFQTUwLmpwZw.jpg"
    ],
    "image_accessibility": "Trije paketi bio penne testenin različnih barv in okusov.",
    "detailed_images": [
      {
        "url": "https://imgproxy-retcat.assets.schwarz/EoJtVvYEWVtsnxsayv_kYW-qGhjlURGLqr1Htld4oZA/sm:1/w:427/h:320/cz/M6Ly9wcm9kLWNhd/GFsb2ctbWVkaWEvc2kvMS83MTgzRUJEQTQwMDlDRDVBQ0U5OEUyMEM/1RTdCNjkzMTRBMzMzRDg1RjVENEVBNUU1RUQwOUYyMkMyNzEzMTk4LmpwZw.jpg",
        "accessibility": "Trije paketi bio penne testenin različnih barv in okusov."
      },
      {
        "url": "https://imgproxy-retcat.assets.schwarz/IZtywElAXymUY3H5gHrsSEbbVnB4Ek_BN_E5lFb50jU/sm:1/w:427/h:320/cz/M6Ly9wcm9kLWNhd/GFsb2ctbWVkaWEvc2kvMS9GMEMyNzVBQzUxRjEzQTFBNjMyQzMwOEM/3M0VGNUNENDBDMzU0MjQ1NjkyMUIwMkJCOEQ4QTkzMkNFMEQ2NEMwLmpwZw.jpg",
        "accessibility": "Bio Kamut fusilli testenine v embalaži."
      },
      {
        "url": "https://imgproxy-retcat.assets.schwarz/6C5sIba-4HEJxHvhHVXIJ4U4Ws6v7jHEorkJqe6S6a4/sm:1/w:427/h:320/cz/M6Ly9wcm9kLWNhd/GFsb2ctbWVkaWEvc2kvMS85MTc4Qjg4NkUyMDMwRkZENDdDMDc5N0Y/1QjMwOEREN0E1NUU1QzMzODZDQzBCOEMxNEMwNjgwNTFFNkZFQTUwLmpwZw.jpg",
        "accessibility": "Bio rdeči leča rogljiči, ekološka testenina."
      }
    ],
    "analytics_category": "Food",
    "more_details": "Dodatne podrobnosti o izdelku",
    "won_category_primary": "Svetovi potreb/Hrana in bližnja hrana/Jajca in osnovna živila (testenine, moka, stročnice itd.)",
    "won_category_primary_path": "0/17/1715",
    "canonical_path": "/p/combino-bio-veganske-testenine/p10082144",
    "canonical_url": "/p/combino-bio-veganske-testenine/p10082144",
    "awards": [],
    "seals": [
      {
        "altText": "Veganski znak V-Label International.",
        "image": "https://imgproxy-retcat.assets.schwarz/ISLamvPk8hk69l-VadCrdVW2krGoAe5YiNwWvgfLhC8/sm:1/w:140/cz/M6Ly9wcm9kLWNhd/GFsb2ctbWVkaWEvc2kvMi9BRDRDNEYxMzQwRDI3OTU2NEY5NzNFN0M/3M0UzQjk3ODM5OEQ5QTAxRTlDREVEOEY4MjRBRjBCNTBCMzI1M0EzLnBuZw.png"
      }
    ],
    "ribbons": [],
    "highlighted_seals": 0,
    "lidl_plus": [],
    "regions": [],
    "ians": [
      "162406"
    ],
    "show_brand": true,
    "deal_of_day_active": false,
    "full_title_meta": "COMBINO Bio veganske testenine",
    "lists": [
      4986
    ],
    "preview": false,
    "category_breadcrumbs": [
      {
        "id": "10068374",
        "name": "Hrana in pijača",
        "url": "/c/hrana-in-pijaca/s10068374",
        "hidden": false
      },
      {
        "id": "10071045",
        "name": "Jajca in osnovna živila",
        "url": "/h/jajca-in-osnovna-zivila/h10071045",
        "hidden": false
      }
    ],
    "campaigns": [
      {
        "id": "Current_Sales_Week",
        "name": "Ta teden",
        "url": null,
        "hidden": false
      },
      {
        "id": "10074993",
        "name": "Eko ali Bio",
        "url": "/c/eko-ali-bio/a10074993",
        "hidden": false
      }
    ],
    "world_of_needs_code": "1715",
    "world_of_needs_name": "Jajca in osnovna živila (testenine, moka, stročnice itd.)",
    "world_of_needs_parent": "17",
    "is_main_category": true,
    "super_categories": [
      {
        "code": "17",
        "name": "Hrana in bližnja hrana",
        "parent": "0"
      },
      {
        "code": "0",
        "name": "Svetovi potreb",
        "parent": ""
      }
    ],
    "position": 318,
    "tracking_payload": {
      "searchTrackingMasterId": "Product.10082144",
      "searchTrackingTitle": "Bio+veganske+testenine",
      "searchTrackingPageSize": 100,
      "searchTrackingPage": 4,
      "searchTrackingEvent": "click",
      "list": "search",
      "searchTrackingId": "Product.10082144",
      "searchTrackingOrigPos": 1,
      "searchTrackingPos": 318,
      "searchTrackingOrigPageSize": 100,
      "searchTrackingChannel": "SI",
      "category": "Food"
    }
  },
  {
    "code": "10082146",
    "name": "Bio veganske omake za testenine",
    "url": "",
    "result_class": "product",
    "type": "product",
    "product_id": 10082146,
    "erp_number": "10082146",
    "item_id": 10082146,
    "full_title": "COMBINO Bio veganske omake za testenine",
    "title": "Bio veganske omake za testenine",
    "category": "Food",
    "product_type": "RETAIL",
    "age_restriction": false,
    "is_used_product": false,
    "multipack": false,
    "online": false,
    "store": true,
    "quick_add_to_cart": false,
    "flash_sales": false,
    "having_videos": false,
    "having_threesixty": false,
    "price": 1.79,
    "old_price": 0.0,
    "currency_code": "EUR",
    "currency_symbol": "€",
    "has_star": true,
    "has_vat": false,
    "price_theme": "white_red",
    "variants_have_different_prices": false,
    "base_price_text": "1 kg = 5.11",
    "base_price_prefix": false,
    "packaging_text": "350 g",
    "discount_deleted_price": null,
    "discount_text": null,
    "discount_percentage": null,
    "discount_has_star": null,
    "show_discount": null,
    "show_percentage": null,
    "from_recommended_price": null,
    "availability_indicator": 0,
    "online_available": false,
    "min_orderable_quantity": 1,
    "orderable_quantities": [],
    "badge_texts": [
      "V trgovini od 03.07."
    ],
    "badge_types": [
      "IN_STORE_FROM_DATE_PAST"
    ],
    "main_image": "https://imgproxy-retcat.assets.schwarz/-ErfvnIEezEwdMKjAgPn0no-Mzwz9F8K1C5JWrdMQ74/sm:1/w:427/h:320/cz/M6Ly9wcm9kLWNhd/GFsb2ctbWVkaWEvc2kvMS83MzE3RkRCM0FFNDNGMjJCNjlGQUZDOTg/4QUUyRDYyOTc0MzQ1Q0VBREY5NUY5MDZCRTdDNTJBMTQzQkRDRUQ3LmpwZw.jpg",
    "image_list": [
      "https://imgproxy-retcat.assets.schwarz/-ErfvnIEezEwdMKjAgPn0no-Mzwz9F8K1C5JWrdMQ74/sm:1/w:427/h:320/cz/M6Ly9wcm9kLWNhd/GFsb2ctbWVkaWEvc2kvMS83MzE3RkRCM0FFNDNGMjJCNjlGQUZDOTg/4QUUyRDYyOTc0MzQ1Q0VBREY5NUY5MDZCRTdDNTJBMTQzQkRDRUQ3LmpwZw.jpg",
      "https://imgproxy-retcat.assets.schwarz/u2ApwZ_XldI8yoAENHX7xfF48ECK7Kc17yw3CdKWhG4/sm:1/w:427/h:320/cz/M6Ly9wcm9kLWNhd/GFsb2ctbWVkaWEvc2kvMS9FQzM3OUM5ODI3N0EzODA2NzZDODdFQzV/BRUQwMUM1QzFFQzgwMDBEOEUzRUZBRTNGN0MwODE1OTZFMTVDNThBLmpwZw.jpg",
      "https://imgproxy-retcat.assets.schwarz/N37MbEX1tQMG5bicWpAkZGyXIj1IX7OoMjHeDcFt-CU/sm:1/w:427/h:320/cz/M6Ly9wcm9kLWNhd/GFsb2ctbWVkaWEvc2kvMS9BODg0MUIzODY3RkI4Qzk5RkI2OTZCOTF/GNThEODNENzQyRjEwMTlEQTAwOUI4NEE1NjgzNjU4MTM0OUQ2QjNFLmpwZw.jpg"
    ],
    "image_accessibility": "Tri kozarce bio paradižnikove omake različnih okusov.",
    "detailed_images": [
      {
        "url": "https://imgproxy-retcat.assets.schwarz/-ErfvnIEezEwdMKjAgPn0no-Mzwz9F8K1C5JWrdMQ74/sm:1/w:427/h:320/cz/M6Ly9wcm9kLWNhd/GFsb2ctbWVkaWEvc2kvMS83MzE3RkRCM0FFNDNGMjJCNjlGQUZDOTg/4QUUyRDYyOTc0MzQ1Q0VBREY5NUY5MDZCRTdDNTJBMTQzQkRDRUQ3LmpwZw.jpg",
        "accessibility": "Tri kozarce bio paradižnikove omake različnih okusov."
      },
      {
        "url": "https://imgproxy-retcat.assets.schwarz/u2ApwZ_XldI8yoAENHX7xfF48ECK7Kc17yw3CdKWhG4/sm:1/w:427/h:320/cz/M6Ly9wcm9kLWNhd/GFsb2ctbWVkaWEvc2kvMS9FQzM3OUM5ODI3N0EzODA2NzZDODdFQzV/BRUQwMUM1QzFFQzgwMDBEOEUzRUZBRTNGN0MwODE1OTZFMTVDNThBLmpwZw.jpg",
        "accessibility": "Steklenica bio paradižnikove omake Sonnentor."
      },
      {
        "url": "https://imgproxy-retcat.assets.schwarz/N37MbEX1tQMG5bicWpAkZGyXIj1IX7OoMjHeDcFt-CU/sm:1/w:427/h:320/cz/M6Ly9wcm9kLWNhd/GFsb2ctbWVkaWEvc2kvMS9BODg0MUIzODY3RkI4Qzk5RkI2OTZCOTF/GNThEODNENzQyRjEwMTlEQTAwOUI4NEE1NjgzNjU4MTM0OUQ2QjNFLmpwZw.jpg",
        "accessibility": "Steklenica bio omake za testenine."
      }
    ],
    "analytics_category": "Food",
    "more_details": "Dodatne podrobnosti o izdelku",
    "won_category_primary": "Svetovi potreb/Hrana in bližnja hrana/Pripravljene jedi (razen zamrznjene pice itd. in pekovskih izdelkov)",
    "won_category_primary_path": "0/17/1711",
    "canonical_path": "/p/combino-bio-veganske-omake-za-testenine/p10082146",
    "canonical_url": "/p/combino-bio-veganske-omake-za-testenine/p10082146",
    "awards": [],
    "seals": [
      {
        "altText": "Veganski znak V-Label International.",
        "image": "https://imgproxy-retcat.assets.schwarz/ISLamvPk8hk69l-VadCrdVW2krGoAe5YiNwWvgfLhC8/sm:1/w:140/cz/M6Ly9wcm9kLWNhd/GFsb2ctbWVkaWEvc2kvMi9BRDRDNEYxMzQwRDI3OTU2NEY5NzNFN0M/3M0UzQjk3ODM5OEQ5QTAxRTlDREVEOEY4MjRBRjBCNTBCMzI1M0EzLnBuZw.png"
      }
    ],
    "ribbons": [],
    "highlighted_seals": 0,
    "lidl_plus": [],
    "regions": [],
    "ians": [
      "39124"
    ],
    "show_brand": true,
    "deal_of_day_active": false,
    "full_title_meta": "COMBINO Bio veganske omake za testenine",
    "lists": [
      4986
    ],
    "preview": false,
    "category_breadcrumbs": [
      {
        "id": "10068374",
        "name": "Hrana in pijača",
        "url": "/c/hrana-in-pijaca/s10068374",
        "hidden": false
      },
      {
        "id": "10071020",
        "name": "Gotove jed",
        "url": "/h/gotove-jed/h10071020",
        "hidden": false
      }
    ],
    "campaigns": [
      {
        "id": "Current_Sales_Week",
        "name": "Ta teden",
        "url": null,
        "hidden": false
      },
      {
        "id": "10074993",
        "name": "Eko ali Bio",
        "url": "/c/eko-ali-bio/a10074993",
        "hidden": false
      }
    ],
    "world_of_needs_code": "1711",
    "world_of_needs_name": "Pripravljene jedi (razen zamrznjene pice itd. in pekovskih izdelkov)",
    "world_of_needs_parent": "17",
    "is_main_category": true,
    "super_categories": [
      {
        "code": "17",
        "name": "Hrana in bližnja hrana",
        "parent": "0"
      },
      {
        "code": "0",
        "name": "Svetovi potreb",
        "parent": ""
      }
    ],
    "position": 319,
    "tracking_payload": {
      "searchTrackingMasterId": "Product.10082146",
      "searchTrackingTitle": "Bio+veganske+omake+za+testenine",
      "searchTrackingPageSize": 100,
      "searchTrackingPage": 4,
      "searchTrackingEvent": "click",
      "list": "search",
      "searchTrackingId": "Product.10082146",
      "searchTrackingOrigPos": 1,
      "searchTrackingPos": 319,
      "searchTrackingOrigPageSize": 100,
      "searchTrackingChannel": "SI",
      "category": "Food"
    }
  },
  {
    "code": "10082148",
    "name": "Bio vaflji iz rjavega riža",
    "url": "",
    "result_class": "product",
    "type": "product",
    "product_id": 10082148,
    "erp_number": "10082148",
    "item_id": 10082148,
    "full_title": "SONDEY Bio vaflji iz rjavega riža",
    "title": "Bio vaflji iz rjavega riža",
    "category": "Food",
    "product_type": "RETAIL",
    "age_restriction": false,
    "is_used_product": false,
    "multipack": false,
    "online": false,
    "store": true,
    "quick_add_to_cart": false,
    "flash_sales": false,
    "having_videos": false,
    "having_threesixty": false,
    "price": 1.19,
    "old_price": 0.0,
    "currency_code": "EUR",
    "currency_symbol": "€",
    "has_star": true,
    "has_vat": false,
    "price_theme": "white_red",
    "variants_have_different_prices": false,
    "base_price_text": "1 kg = 9.92",
    "base_price_prefix": false,
    "packaging_text": "120 g",
    "discount_deleted_price": null,
    "discount_text": "ZGRABITE PRILOŽNOST!",
    "discount_percentage": null,
    "discount_has_star": false,
    "show_discount": false,
    "show_percentage": false,
    "from_recommended_price": false,
    "availability_indicator": 0,
    "online_available": false,
    "min_orderable_quantity": 1,
    "orderable_quantities": [],
    "badge_texts": [
      "V trgovini od 03.07."
    ],
    "badge_types": [
      "IN_STORE_FROM_DATE_PAST"
    ],
    "main_image": "https://imgproxy-retcat.assets.schwarz/1QennrnCkAZpic4tNspsei4130rreMhLx4iIY3AmCWk/sm:1/w:427/h:320/cz/M6Ly9wcm9kLWNhd/GFsb2ctbWVkaWEvc2kvMS8xMzg2RUVCNzI5NjdFMDQ0OTZENDk4Nzh/CREJGNUJBM0UxMzc4MDRCOTdCM0JGNzdDMTVGQjNBOUJEQTBERUQ0LmpwZw.jpg",
    "image_list": [
      "https://imgproxy-retcat.assets.schwarz/1QennrnCkAZpic4tNspsei4130rreMhLx4iIY3AmCWk/sm:1/w:427/h:320/cz/M6Ly9wcm9kLWNhd/GFsb2ctbWVkaWEvc2kvMS8xMzg2RUVCNzI5NjdFMDQ0OTZENDk4Nzh/CREJGNUJBM0UxMzc4MDRCOTdCM0JGNzdDMTVGQjNBOUJEQTBERUQ0LmpwZw.jpg",
      "https://imgproxy-retcat.assets.schwarz/oWmo1VVdp7D0NAywp-MNpcaEjRBAc5flQM6_c5Q0FwM/sm:1/w:427/h:320/cz/M6Ly9wcm9kLWNhd/GFsb2ctbWVkaWEvc2kvMS84RDVFQUM2ODU5QjMyQkMzNjNDRURBRTk/1QkNGNTQ1N0E4ODI4Mzk2RUM4QjU3MTQ5QjQwMUNBQTI0OTNGNTUzLmpwZw.jpg",
      "https://imgproxy-retcat.assets.schwarz/uClzz60dyk4odoE0TbPT_6ZsonIjna8ZAgf3wucOd38/sm:1/w:427/h:320/cz/M6Ly9wcm9kLWNhd/GFsb2ctbWVkaWEvc2kvMS80ODdEN0EwNThGOUUyQzJDRkYxMkE5Q0V/BNTcyQUMxOTE1MjQ2Mjc2NDYyRTA5NkEzQ0E1NjlGNDU5NTQ4MEVCLmpwZw.jpg"
    ],
    "image_accessibility": "Dve embalaži bio hrustljavih vafljev Wasa, roza in zelena.",
    "detailed_images": [
      {
        "url": "https://imgproxy-retcat.assets.schwarz/1QennrnCkAZpic4tNspsei4130rreMhLx4iIY3AmCWk/sm:1/w:427/h:320/cz/M6Ly9wcm9kLWNhd/GFsb2ctbWVkaWEvc2kvMS8xMzg2RUVCNzI5NjdFMDQ0OTZENDk4Nzh/CREJGNUJBM0UxMzc4MDRCOTdCM0JGNzdDMTVGQjNBOUJEQTBERUQ0LmpwZw.jpg",
        "accessibility": "Dve embalaži bio hrustljavih vafljev Wasa, roza in zelena."
      },
      {
        "url": "https://imgproxy-retcat.assets.schwarz/oWmo1VVdp7D0NAywp-MNpcaEjRBAc5flQM6_c5Q0FwM/sm:1/w:427/h:320/cz/M6Ly9wcm9kLWNhd/GFsb2ctbWVkaWEvc2kvMS84RDVFQUM2ODU5QjMyQkMzNjNDRURBRTk/1QkNGNTQ1N0E4ODI4Mzk2RUM4QjU3MTQ5QjQwMUNBQTI0OTNGNTUzLmpwZw.jpg",
        "accessibility": "Bio Sončne Bio Cakes z okusom lešnikov, embalaža."
      },
      {
        "url": "https://imgproxy-retcat.assets.schwarz/uClzz60dyk4odoE0TbPT_6ZsonIjna8ZAgf3wucOd38/sm:1/w:427/h:320/cz/M6Ly9wcm9kLWNhd/GFsb2ctbWVkaWEvc2kvMS80ODdEN0EwNThGOUUyQzJDRkYxMkE5Q0V/BNTcyQUMxOTE1MjQ2Mjc2NDYyRTA5NkEzQ0E1NjlGNDU5NTQ4MEVCLmpwZw.jpg",
        "accessibility": "Pakiranje Jordanov bio rjavenih riževih vafljev z okusom jagode."
      }
    ],
    "analytics_category": "Food",
    "more_details": "Dodatne podrobnosti o izdelku",
    "won_category_primary": "Svetovi potreb/Hrana in bližnja hrana/Kruh in pekovsko pecivo",
    "won_category_primary_path": "0/17/1713",
    "canonical_path": "/p/sondey-bio-vaflji-iz-rjavega-riza/p10082148",
    "canonical_url": "/p/sondey-bio-vaflji-iz-rjavega-riza/p10082148",
    "awards": [],
    "seals": [],
    "ribbons": [],
    "highlighted_seals": 0,
    "lidl_plus": [],
    "regions": [],
    "ians": [
      "7204101"
    ],
    "show_brand": true,
    "deal_of_day_active": false,
    "full_title_meta": "SONDEY Bio vaflji iz rjavega riža",
    "lists": [
      4986
    ],
    "preview": false,
    "category_breadcrumbs": [
      {
        "id": "10068374",
        "name": "Hrana in pijača",
        "url": "/c/hrana-in-pijaca/s10068374",
        "hidden": false
      },
      {
        "id": "10071015",
        "name": "Kruh in pekovski izdelki",
        "url": "/h/kruh-in-pekovski-izdelki/h10071015",
        "hidden": false
      }
    ],
    "campaigns": [
      {
        "id": "Current_Sales_Week",
        "name": "Ta teden",
        "url": null,
        "hidden": false
      },
      {
        "id": "10074993",
        "name": "Eko ali Bio",
        "url": "/c/eko-ali-bio/a10074993",
        "hidden": false
      }
    ],
    "world_of_needs_code": "1713",
    "world_of_needs_name": "Kruh in pekovsko pecivo",
    "world_of_needs_parent": "17",
    "is_main_category": true,
    "super_categories": [
      {
        "code": "17",
        "name": "Hrana in bližnja hrana",
        "parent": "0"
      },
      {
        "code": "0",
        "name": "Svetovi potreb",
        "parent": ""
      }
    ],
    "position": 320,
    "tracking_payload": {
      "searchTrackingMasterId": "Product.10082148",
      "searchTrackingTitle": "Bio+vaflji+iz+rjavega+ri%C5%BEa",
      "searchTrackingPageSize": 100,
      "searchTrackingPage": 4,
      "searchTrackingEvent": "click",
      "list": "search",
      "searchTrackingId": "Product.10082148",
      "searchTrackingOrigPos": 1,
      "searchTrackingPos": 320,
      "searchTrackingOrigPageSize": 100,
      "searchTrackingChannel": "SI",
      "category": "Food"
    }
  },
  {
    "code": "10082150",
    "name": "Bio nektarine",
    "url": "",
    "result_class": "product",
    "type": "product",
    "product_id": 10082150,
    "erp_number": "10082150",
    "item_id": 10082150,
    "full_title": "Bio nektarine",
    "title": "Bio nektarine",
    "category": "Food",
    "product_type": "RETAIL",
    "age_restriction": false,
    "is_used_product": false,
    "multipack": false,
    "online": false,
    "store": true,
    "quick_add_to_cart": false,
    "flash_sales": false,
    "having_videos": false,
    "having_threesixty": false,
    "price": 2.49,
    "old_price": 0.0,
    "currency_code": "EUR",
    "currency_symbol": "€",
    "has_star": true,
    "has_vat": false,
    "price_theme": "white_red",
    "variants_have_different_prices": false,
    "base_price_text": "1 kg = 4.98",
    "base_price_prefix": false,
    "packaging_text": "500 g",
    "discount_deleted_price": null,
    "discount_text": null,
    "discount_percentage": null,
    "discount_has_star": null,
    "show_discount": null,
    "show_percentage": null,
    "from_recommended_price": null,
    "availability_indicator": 0,
    "online_available": false,
    "min_orderable_quantity": 1,
    "orderable_quantities": [],
    "badge_texts": [
      "V trgovini od 03.07."
    ],
    "badge_types": [
      "IN_STORE_FROM_DATE_PAST"
    ],
    "main_image": "https://imgproxy-retcat.assets.schwarz/cl9XThBJqfrOzVysdICxA7TSLoxouTX6LLjAp1NTVmA/sm:1/w:427/h:320/cz/M6Ly9wcm9kLWNhd/GFsb2ctbWVkaWEvc2kvMS9COTg4QjVEODA1RjU3RTlBMkQ2NDczNDg/4NTMwMEFDMzRDN0ZEMTc0MjlGQTk3OTNBNTY5NzhCNEQ4MDQ4NEJELmpwZw.jpg",
    "image_list": [
      "https://imgproxy-retcat.assets.schwarz/cl9XThBJqfrOzVysdICxA7TSLoxouTX6LLjAp1NTVmA/sm:1/w:427/h:320/cz/M6Ly9wcm9kLWNhd/GFsb2ctbWVkaWEvc2kvMS9COTg4QjVEODA1RjU3RTlBMkQ2NDczNDg/4NTMwMEFDMzRDN0ZEMTc0MjlGQTk3OTNBNTY5NzhCNEQ4MDQ4NEJELmpwZw.jpg"
    ],
    "image_accessibility": "Košara s sočnimi breskvami.",
    "detailed_images": [
      {
        "url": "https://imgproxy-retcat.assets.schwarz/cl9XThBJqfrOzVysdICxA7TSLoxouTX6LLjAp1NTVmA/sm:1/w:427/h:320/cz/M6Ly9wcm9kLWNhd/GFsb2ctbWVkaWEvc2kvMS9COTg4QjVEODA1RjU3RTlBMkQ2NDczNDg/4NTMwMEFDMzRDN0ZEMTc0MjlGQTk3OTNBNTY5NzhCNEQ4MDQ4NEJELmpwZw.jpg",
        "accessibility": "Košara s sočnimi breskvami."
      }
    ],
    "analytics_category": "Food",
    "more_details": "Dodatne podrobnosti o izdelku",
    "won_category_primary": "Svetovi potreb/Hrana in bližnja hrana/Sadje in zelenjava",
    "won_category_primary_path": "0/17/1710",
    "canonical_path": "/p/bio-nektarine/p10082150",
    "canonical_url": "/p/bio-nektarine/p10082150",
    "awards": [],
    "seals": [],
    "ribbons": [],
    "highlighted_seals": 0,
    "lidl_plus": [],
    "regions": [],
    "ians": [
      "80380"
    ],
    "show_brand": false,
    "deal_of_day_active": false,
    "full_title_meta": "Bio nektarine",
    "lists": [
      4986
    ],
    "preview": false,
    "category_breadcrumbs": [
      {
        "id": "10068374",
        "name": "Hrana in pijača",
        "url": "/c/hrana-in-pijaca/s10068374",
        "hidden": false
      },
      {
        "id": "10071012",
        "name": "Sadje in zelenjava",
        "url": "/h/sadje-in-zelenjava/h10071012",
        "hidden": false
      }
    ],
    "campaigns": [
      {
        "id": "Current_Sales_Week",
        "name": "Ta teden",
        "url": null,
        "hidden": false
      },
      {
        "id": "10074993",
        "name": "Eko ali Bio",
        "url": "/c/eko-ali-bio/a10074993",
        "hidden": false
      }
    ],
    "world_of_needs_code": "1710",
    "world_of_needs_name": "Sadje in zelenjava",
    "world_of_needs_parent": "17",
    "is_main_category": true,
    "super_categories": [
      {
        "code": "17",
        "name": "Hrana in bližnja hrana",
        "parent": "0"
      },
      {
        "code": "0",
        "name": "Svetovi potreb",
        "parent": ""
      }
    ],
    "position": 321,
    "tracking_payload": {
      "searchTrackingMasterId": "Product.10082150",
      "searchTrackingTitle": "Bio+nektarine",
      "searchTrackingPageSize": 100,
      "searchTrackingPage": 4,
      "searchTrackingEvent": "click",
      "list": "search",
      "searchTrackingId": "Product.10082150",
      "searchTrackingOrigPos": 1,
      "searchTrackingPos": 321,
      "searchTrackingOrigPageSize": 100,
      "searchTrackingChannel": "SI",
      "category": "Food"
    }
  },
  {
    "code": "10082152",
    "name": "Bio koruzni prigrizek",
    "url": "",
    "result_class": "product",
    "type": "product",
    "product_id": 10082152,
    "erp_number": "10082152",
    "item_id": 10082152,
    "full_title": "SNACK DAY Bio koruzni prigrizek",
    "title": "Bio koruzni prigrizek",
    "category": "Food",
    "product_type": "RETAIL",
    "age_restriction": false,
    "is_used_product": false,
    "multipack": false,
    "online": false,
    "store": true,
    "quick_add_to_cart": false,
    "flash_sales": false,
    "having_videos": false,
    "having_threesixty": false,
    "price": 0.99,
    "old_price": 0.0,
    "currency_code": "EUR",
    "currency_symbol": "€",
    "has_star": true,
    "has_vat": false,
    "price_theme": "white_red",
    "variants_have_different_prices": false,
    "base_price_text": "1 kg = 12.38",
    "base_price_prefix": false,
    "packaging_text": "80 g",
    "discount_deleted_price": null,
    "discount_text": null,
    "discount_percentage": null,
    "discount_has_star": null,
    "show_discount": null,
    "show_percentage": null,
    "from_recommended_price": null,
    "availability_indicator": 0,
    "online_available": false,
    "min_orderable_quantity": 1,
    "orderable_quantities": [],
    "badge_texts": [
      "V trgovini od 03.07."
    ],
    "badge_types": [
      "IN_STORE_FROM_DATE_PAST"
    ],
    "main_image": "https://imgproxy-retcat.assets.schwarz/lIqNpxiz-PzPkfbTqpl13mKehdJx1oqV5a5OlWMUrUA/sm:1/w:427/h:320/cz/M6Ly9wcm9kLWNhd/GFsb2ctbWVkaWEvc2kvMS8zMUY3NEFBRTQ5MTU5NUJDQTc3N0NCNjh/ERTQyMjcxMjgyQzIyNDk1RTg5NTY3MEEyQTFDMjI5Njc1RUZFMkVELmpwZw.jpg",
    "image_list": [
      "https://imgproxy-retcat.assets.schwarz/lIqNpxiz-PzPkfbTqpl13mKehdJx1oqV5a5OlWMUrUA/sm:1/w:427/h:320/cz/M6Ly9wcm9kLWNhd/GFsb2ctbWVkaWEvc2kvMS8zMUY3NEFBRTQ5MTU5NUJDQTc3N0NCNjh/ERTQyMjcxMjgyQzIyNDk1RTg5NTY3MEEyQTFDMjI5Njc1RUZFMkVELmpwZw.jpg"
    ],
    "image_accessibility": "BioCorn prigrizek iz koruze v embalaži.",
    "detailed_images": [
      {
        "url": "https://imgproxy-retcat.assets.schwarz/lIqNpxiz-PzPkfbTqpl13mKehdJx1oqV5a5OlWMUrUA/sm:1/w:427/h:320/cz/M6Ly9wcm9kLWNhd/GFsb2ctbWVkaWEvc2kvMS8zMUY3NEFBRTQ5MTU5NUJDQTc3N0NCNjh/ERTQyMjcxMjgyQzIyNDk1RTg5NTY3MEEyQTFDMjI5Njc1RUZFMkVELmpwZw.jpg",
        "accessibility": "BioCorn prigrizek iz koruze v embalaži."
      }
    ],
    "analytics_category": "Food",
    "more_details": "Dodatne podrobnosti o izdelku",
    "won_category_primary": "Svetovi potreb/Hrana in bližnja hrana/Prigrizki in slaščice",
    "won_category_primary_path": "0/17/1721",
    "canonical_path": "/p/snack-day-bio-koruzni-prigrizek/p10082152",
    "canonical_url": "/p/snack-day-bio-koruzni-prigrizek/p10082152",
    "awards": [],
    "seals": [],
    "ribbons": [],
    "highlighted_seals": 0,
    "lidl_plus": [],
    "regions": [],
    "ians": [
      "167777"
    ],
    "show_brand": true,
    "deal_of_day_active": false,
    "full_title_meta": "SNACK DAY Bio koruzni prigrizek",
    "lists": [
      4986
    ],
    "preview": false,
    "category_breadcrumbs": [
      {
        "id": "10068374",
        "name": "Hrana in pijača",
        "url": "/c/hrana-in-pijaca/s10068374",
        "hidden": false
      },
      {
        "id": "10071044",
        "name": "Prigrizki in sladkarije",
        "url": "/h/prigrizki-in-sladkarije/h10071044",
        "hidden": false
      }
    ],
    "campaigns": [
      {
        "id": "Current_Sales_Week",
        "name": "Ta teden",
        "url": null,
        "hidden": false
      },
      {
        "id": "10074993",
        "name": "Eko ali Bio",
        "url": "/c/eko-ali-bio/a10074993",
        "hidden": false
      }
    ],
    "world_of_needs_code": "1721",
    "world_of_needs_name": "Prigrizki in slaščice",
    "world_of_needs_parent": "17",
    "is_main_category": true,
    "super_categories": [
      {
        "code": "17",
        "name": "Hrana in bližnja hrana",
        "parent": "0"
      },
      {
        "code": "0",
        "name": "Svetovi potreb",
        "parent": ""
      }
    ],
    "position": 322,
    "tracking_payload": {
      "searchTrackingMasterId": "Product.10082152",
      "searchTrackingTitle": "Bio+koruzni+prigrizek",
      "searchTrackingPageSize": 100,
      "searchTrackingPage": 4,
      "searchTrackingEvent": "click",
      "list": "search",
      "searchTrackingId": "Product.10082152",
      "searchTrackingOrigPos": 1,
      "searchTrackingPos": 322,
      "searchTrackingOrigPageSize": 100,
      "searchTrackingChannel": "SI",
      "category": "Food"
    }
  },
  {
    "code": "10082156",
    "name": "Bio pica z zelenjavo",
    "url": "",
    "result_class": "product",
    "type": "product",
    "product_id": 10082156,
    "erp_number": "10082156",
    "item_id": 10082156,
    "full_title": "TRATTORIA ALFREDO Bio pica z zelenjavo",
    "title": "Bio pica z zelenjavo",
    "category": "Food",
    "product_type": "RETAIL",
    "age_restriction": false,
    "is_used_product": false,
    "multipack": false,
    "online": false,
    "store": true,
    "quick_add_to_cart": false,
    "flash_sales": false,
    "having_videos": false,
    "having_threesixty": false,
    "price": 3.19,
    "old_price": 0.0,
    "currency_code": "EUR",
    "currency_symbol": "€",
    "has_star": true,
    "has_vat": false,
    "price_theme": "white_red",
    "variants_have_different_prices": false,
    "base_price_text": "1 kg = 7.58",
    "base_price_prefix": false,
    "packaging_text": "421 g",
    "discount_deleted_price": null,
    "discount_text": null,
    "discount_percentage": null,
    "discount_has_star": null,
    "show_discount": null,
    "show_percentage": null,
    "from_recommended_price": null,
    "availability_indicator": 0,
    "online_available": false,
    "min_orderable_quantity": 1,
    "orderable_quantities": [],
    "badge_texts": [
      "V trgovini od 03.07."
    ],
    "badge_types": [
      "IN_STORE_FROM_DATE_PAST"
    ],
    "main_image": "https://imgproxy-retcat.assets.schwarz/1a1N8G-ZZSO2R0zdeNRlY2SCAgtuChRsUXpb0nJ7kco/sm:1/w:427/h:320/cz/M6Ly9wcm9kLWNhd/GFsb2ctbWVkaWEvc2kvMS84NTQ1MTZENDg3QjI4MTZCNEYwNzBDNjg/yNzcxQjcyNDg5RkUzNURDN0ZCRDdDQjlBQUYyRjhCREI2NjhBQTM5LmpwZw.jpg",
    "image_list": [
      "https://imgproxy-retcat.assets.schwarz/1a1N8G-ZZSO2R0zdeNRlY2SCAgtuChRsUXpb0nJ7kco/sm:1/w:427/h:320/cz/M6Ly9wcm9kLWNhd/GFsb2ctbWVkaWEvc2kvMS84NTQ1MTZENDg3QjI4MTZCNEYwNzBDNjg/yNzcxQjcyNDg5RkUzNURDN0ZCRDdDQjlBQUYyRjhCREI2NjhBQTM5LmpwZw.jpg"
    ],
    "image_accessibility": "Bio Stonebaked Pizza, vegetarijanska, zamrznjena.",
    "detailed_images": [
      {
        "url": "https://imgproxy-retcat.assets.schwarz/1a1N8G-ZZSO2R0zdeNRlY2SCAgtuChRsUXpb0nJ7kco/sm:1/w:427/h:320/cz/M6Ly9wcm9kLWNhd/GFsb2ctbWVkaWEvc2kvMS84NTQ1MTZENDg3QjI4MTZCNEYwNzBDNjg/yNzcxQjcyNDg5RkUzNURDN0ZCRDdDQjlBQUYyRjhCREI2NjhBQTM5LmpwZw.jpg",
        "accessibility": "Bio Stonebaked Pizza, vegetarijanska, zamrznjena."
      }
    ],
    "analytics_category": "Food",
    "more_details": "Dodatne podrobnosti o izdelku",
    "won_category_primary": "Svetovi potreb/Hrana in bližnja hrana/Zamrznjena hrana (Zamrznjena hrana)",
    "won_category_primary_path": "0/17/1716",
    "canonical_path": "/p/trattoria-alfredo-bio-pica-z-zelenjavo/p10082156",
    "canonical_url": "/p/trattoria-alfredo-bio-pica-z-zelenjavo/p10082156",
    "awards": [],
    "seals": [
      {
        "altText": "Znak: Zamrznjeno",
        "image": "https://imgproxy-retcat.assets.schwarz/ayWyw20LfIYJzOhoc4KvR8G0z3S3CSGFD0vHUIK3dgY/sm:1/w:140/cz/M6Ly9wcm9kLWNhd/GFsb2ctbWVkaWEvc2kvMi81NkZCNjYzMzA5NkRFMERFNzUzNEI1ODY/xRDQ4Q0MxRTkxQkUzNUMxOTBGNTAyMURGMjJGODEyQzk0ODhCNTYwLnBuZw.png"
      }
    ],
    "ribbons": [],
    "highlighted_seals": 0,
    "lidl_plus": [],
    "regions": [],
    "ians": [
      "124649"
    ],
    "show_brand": true,
    "deal_of_day_active": false,
    "full_title_meta": "TRATTORIA ALFREDO Bio pica z zelenjavo",
    "lists": [
      4986
    ],
    "preview": false,
    "category_breadcrumbs": [
      {
        "id": "10068374",
        "name": "Hrana in pijača",
        "url": "/c/hrana-in-pijaca/s10068374",
        "hidden": false
      },
      {
        "id": "10071049",
        "name": "Zamrznjena hrana",
        "url": "/h/zamrznjena-hrana/h10071049",
        "hidden": false
      }
    ],
    "campaigns": [
      {
        "id": "Current_Sales_Week",
        "name": "Ta teden",
        "url": null,
        "hidden": false
      },
      {
        "id": "10074993",
        "name": "Eko ali Bio",
        "url": "/c/eko-ali-bio/a10074993",
        "hidden": false
      }
    ],
    "world_of_needs_code": "1716",
    "world_of_needs_name": "Zamrznjena hrana (Zamrznjena hrana)",
    "world_of_needs_parent": "17",
    "is_main_category": true,
    "super_categories": [
      {
        "code": "17",
        "name": "Hrana in bližnja hrana",
        "parent": "0"
      },
      {
        "code": "0",
        "name": "Svetovi potreb",
        "parent": ""
      }
    ],
    "position": 323,
    "tracking_payload": {
      "searchTrackingMasterId": "Product.10082156",
      "searchTrackingTitle": "Bio+pica+z+zelenjavo",
      "searchTrackingPageSize": 100,
      "searchTrackingPage": 4,
      "searchTrackingEvent": "click",
      "list": "search",
      "searchTrackingId": "Product.10082156",
      "searchTrackingOrigPos": 1,
      "searchTrackingPos": 323,
      "searchTrackingOrigPageSize": 100,
      "searchTrackingChannel": "SI",
      "category": "Food"
    }
  },
  {
    "code": "10082158",
    "name": "Bio zelenjavni čips",
    "url": "",
    "result_class": "product",
    "type": "product",
    "product_id": 10082158,
    "erp_number": "10082158",
    "item_id": 10082158,
    "full_title": "SNACK DAY Bio zelenjavni čips",
    "title": "Bio zelenjavni čips",
    "category": "Food",
    "product_type": "RETAIL",
    "age_restriction": false,
    "is_used_product": false,
    "multipack": false,
    "online": false,
    "store": true,
    "quick_add_to_cart": false,
    "flash_sales": false,
    "having_videos": false,
    "having_threesixty": false,
    "price": 1.79,
    "old_price": 0.0,
    "currency_code": "EUR",
    "currency_symbol": "€",
    "has_star": true,
    "has_vat": false,
    "price_theme": "white_red",
    "variants_have_different_prices": false,
    "base_price_text": "1 kg = 17.90",
    "base_price_prefix": false,
    "packaging_text": "100 g",
    "discount_deleted_price": null,
    "discount_text": "ZGRABITE PRILOŽNOST!",
    "discount_percentage": null,
    "discount_has_star": false,
    "show_discount": false,
    "show_percentage": false,
    "from_recommended_price": false,
    "availability_indicator": 0,
    "online_available": false,
    "min_orderable_quantity": 1,
    "orderable_quantities": [],
    "badge_texts": [
      "V trgovini od 03.07."
    ],
    "badge_types": [
      "IN_STORE_FROM_DATE_PAST"
    ],
    "main_image": "https://imgproxy-retcat.assets.schwarz/wGVvXE6x2z2u82Y0PkrTUsCBzufB1TVXB0GvcLOWGP4/sm:1/w:427/h:320/cz/M6Ly9wcm9kLWNhd/GFsb2ctbWVkaWEvc2kvMS9BQkI0NjI0NDQyRUZCMzAzREYwODUxNkJ/EMDg5N0E5NDNFQ0NGNDZFNjc5OTdERjcxRjFFNDRBODc0RjUzN0Y2LmpwZw.jpg",
    "image_list": [
      "https://imgproxy-retcat.assets.schwarz/wGVvXE6x2z2u82Y0PkrTUsCBzufB1TVXB0GvcLOWGP4/sm:1/w:427/h:320/cz/M6Ly9wcm9kLWNhd/GFsb2ctbWVkaWEvc2kvMS9BQkI0NjI0NDQyRUZCMzAzREYwODUxNkJ/EMDg5N0E5NDNFQ0NGNDZFNjc5OTdERjcxRjFFNDRBODc0RjUzN0Y2LmpwZw.jpg"
    ],
    "image_accessibility": "Bio Temuse čips iz bučk in korenja.",
    "detailed_images": [
      {
        "url": "https://imgproxy-retcat.assets.schwarz/wGVvXE6x2z2u82Y0PkrTUsCBzufB1TVXB0GvcLOWGP4/sm:1/w:427/h:320/cz/M6Ly9wcm9kLWNhd/GFsb2ctbWVkaWEvc2kvMS9BQkI0NjI0NDQyRUZCMzAzREYwODUxNkJ/EMDg5N0E5NDNFQ0NGNDZFNjc5OTdERjcxRjFFNDRBODc0RjUzN0Y2LmpwZw.jpg",
        "accessibility": "Bio Temuse čips iz bučk in korenja."
      }
    ],
    "analytics_category": "Food",
    "more_details": "Dodatne podrobnosti o izdelku",
    "won_category_primary": "Svetovi potreb/Hrana in bližnja hrana/Prigrizki in slaščice",
    "won_category_primary_path": "0/17/1721",
    "canonical_path": "/p/snack-day-bio-zelenjavni-cips/p10082158",
    "canonical_url": "/p/snack-day-bio-zelenjavni-cips/p10082158",
    "awards": [],
    "seals": [],
    "ribbons": [],
    "highlighted_seals": 0,
    "lidl_plus": [],
    "regions": [],
    "ians": [
      "119726"
    ],
    "show_brand": true,
    "deal_of_day_active": false,
    "full_title_meta": "SNACK DAY Bio zelenjavni čips",
    "lists": [
      4986
    ],
    "preview": false,
    "category_breadcrumbs": [
      {
        "id": "10068374",
        "name": "Hrana in pijača",
        "url": "/c/hrana-in-pijaca/s10068374",
        "hidden": false
      },
      {
        "id": "10071044",
        "name": "Prigrizki in sladkarije",
        "url": "/h/prigrizki-in-sladkarije/h10071044",
        "hidden": false
      }
    ],
    "campaigns": [
      {
        "id": "Current_Sales_Week",
        "name": "Ta teden",
        "url": null,
        "hidden": false
      },
      {
        "id": "10074993",
        "name": "Eko ali Bio",
        "url": "/c/eko-ali-bio/a10074993",
        "hidden": false
      }
    ],
    "world_of_needs_code": "1721",
    "world_of_needs_name": "Prigrizki in slaščice",
    "world_of_needs_parent": "17",
    "is_main_category": true,
    "super_categories": [
      {
        "code": "17",
        "name": "Hrana in bližnja hrana",
        "parent": "0"
      },
      {
        "code": "0",
        "name": "Svetovi potreb",
        "parent": ""
      }
    ],
    "position": 324,
    "tracking_payload": {
      "searchTrackingMasterId": "Product.10082158",
      "searchTrackingTitle": "Bio+zelenjavni+%C4%8Dips",
      "searchTrackingPageSize": 100,
      "searchTrackingPage": 4,
      "searchTrackingEvent": "click",
      "list": "search",
      "searchTrackingId": "Product.10082158",
      "searchTrackingOrigPos": 1,
      "searchTrackingPos": 324,
      "searchTrackingOrigPageSize": 100,
      "searchTrackingChannel": "SI",
      "category": "Food"
    }
  },
  {
    "code": "10082162",
    "name": "Oglejmo si: Kmetija",
    "url": "",
    "result_class": "product",
    "type": "product",
    "product_id": 10082162,
    "erp_number": "10082162",
    "item_id": 10082162,
    "full_title": "ZALOŽBA GRAHOVAC Oglejmo si: Kmetija",
    "title": "Oglejmo si: Kmetija",
    "category": "Food",
    "product_type": "RETAIL",
    "age_restriction": false,
    "is_used_product": false,
    "multipack": false,
    "online": false,
    "store": true,
    "quick_add_to_cart": false,
    "flash_sales": false,
    "having_videos": false,
    "having_threesixty": false,
    "price": 3.99,
    "old_price": 0.0,
    "currency_code": "EUR",
    "currency_symbol": "€",
    "has_star": true,
    "has_vat": false,
    "price_theme": "white_red",
    "variants_have_different_prices": false,
    "base_price_text": null,
    "base_price_prefix": null,
    "packaging_text": "kos",
    "discount_deleted_price": null,
    "discount_text": "ZGRABITE PRILOŽNOST!",
    "discount_percentage": null,
    "discount_has_star": false,
    "show_discount": false,
    "show_percentage": false,
    "from_recommended_price": false,
    "availability_indicator": 0,
    "online_available": false,
    "min_orderable_quantity": 1,
    "orderable_quantities": [],
    "badge_texts": [
      "V trgovini od 07.07."
    ],
    "badge_types": [
      "IN_STORE_FROM_DATE_TODAY"
    ],
    "main_image": "https://imgproxy-retcat.assets.schwarz/SgXCNAbAcqXns1ikqFV2kh8F6Px3qHM21wq1hPtgRkU/sm:1/w:427/h:320/cz/M6Ly9wcm9kLWNhd/GFsb2ctbWVkaWEvc2kvMS84RkI1QTU3MzJGQzJCQTg1ODc5MEYwOTA/zQkNERTI0QzIwRTQ5MzRCQjUzMjg1OEIzMzgwQzczQTdFMDVBMjAzLmpwZw.jpg",
    "image_list": [
      "https://imgproxy-retcat.assets.schwarz/SgXCNAbAcqXns1ikqFV2kh8F6Px3qHM21wq1hPtgRkU/sm:1/w:427/h:320/cz/M6Ly9wcm9kLWNhd/GFsb2ctbWVkaWEvc2kvMS84RkI1QTU3MzJGQzJCQTg1ODc5MEYwOTA/zQkNERTI0QzIwRTQ5MzRCQjUzMjg1OEIzMzgwQzczQTdFMDVBMjAzLmpwZw.jpg"
    ],
    "image_accessibility": "Otroška knjiga z naslovom Kmetija, ki prikazuje ilustracijo kmetije in traktorja.",
    "detailed_images": [
      {
        "url": "https://imgproxy-retcat.assets.schwarz/SgXCNAbAcqXns1ikqFV2kh8F6Px3qHM21wq1hPtgRkU/sm:1/w:427/h:320/cz/M6Ly9wcm9kLWNhd/GFsb2ctbWVkaWEvc2kvMS84RkI1QTU3MzJGQzJCQTg1ODc5MEYwOTA/zQkNERTI0QzIwRTQ5MzRCQjUzMjg1OEIzMzgwQzczQTdFMDVBMjAzLmpwZw.jpg",
        "accessibility": "Otroška knjiga z naslovom Kmetija, ki prikazuje ilustracijo kmetije in traktorja."
      }
    ],
    "analytics_category": "Food",
    "more_details": "Dodatne podrobnosti o izdelku",
    "won_category_primary": "Svetovi potreb/Hrana in bližnja hrana/Jajca in osnovna živila (testenine, moka, stročnice itd.)",
    "won_category_primary_path": "0/17/1715",
    "canonical_path": "/p/zalozba-grahovac-oglejmo-si-kmetija/p10082162",
    "canonical_url": "/p/zalozba-grahovac-oglejmo-si-kmetija/p10082162",
    "awards": [],
    "seals": [],
    "ribbons": [],
    "highlighted_seals": 0,
    "lidl_plus": [],
    "regions": [],
    "ians": [
      "536736"
    ],
    "show_brand": true,
    "deal_of_day_active": false,
    "full_title_meta": "ZALOŽBA GRAHOVAC Oglejmo si: Kmetija",
    "lists": [
      4990
    ],
    "preview": false,
    "category_breadcrumbs": [
      {
        "id": "10068374",
        "name": "Hrana in pijača",
        "url": "/c/hrana-in-pijaca/s10068374",
        "hidden": false
      },
      {
        "id": "10071045",
        "name": "Jajca in osnovna živila",
        "url": "/h/jajca-in-osnovna-zivila/h10071045",
        "hidden": false
      }
    ],
    "campaigns": [
      {
        "id": "10024386",
        "name": "Knjižna polica",
        "url": "/c/knjizna-polica/a10024386",
        "hidden": false
      }
    ],
    "world_of_needs_code": "1715",
    "world_of_needs_name": "Jajca in osnovna živila (testenine, moka, stročnice itd.)",
    "world_of_needs_parent": "17",
    "is_main_category": true,
    "super_categories": [
      {
        "code": "17",
        "name": "Hrana in bližnja hrana",
        "parent": "0"
      },
      {
        "code": "0",
        "name": "Svetovi potreb",
        "parent": ""
      }
    ],
    "position": 325,
    "tracking_payload": {
      "searchTrackingMasterId": "Product.10082162",
      "searchTrackingTitle": "Oglejmo+si%3A+Kmetija",
      "searchTrackingPageSize": 100,
      "searchTrackingPage": 4,
      "searchTrackingEvent": "click",
      "list": "search",
      "searchTrackingId": "Product.10082162",
      "searchTrackingOrigPos": 1,
      "searchTrackingPos": 325,
      "searchTrackingOrigPageSize": 100,
      "searchTrackingChannel": "SI",
      "category": "Food"
    }
  },
  {
    "code": "10082163",
    "name": "Oglejmo si: Narava",
    "url": "",
    "result_class": "product",
    "type": "product",
    "product_id": 10082163,
    "erp_number": "10082163",
    "item_id": 10082163,
    "full_title": "ZALOŽBA GRAHOVAC Oglejmo si: Narava",
    "title": "Oglejmo si: Narava",
    "category": "Food",
    "product_type": "RETAIL",
    "age_restriction": false,
    "is_used_product": false,
    "multipack": false,
    "online": false,
    "store": true,
    "quick_add_to_cart": false,
    "flash_sales": false,
    "having_videos": false,
    "having_threesixty": false,
    "price": 3.99,
    "old_price": 0.0,
    "currency_code": "EUR",
    "currency_symbol": "€",
    "has_star": true,
    "has_vat": false,
    "price_theme": "white_red",
    "variants_have_different_prices": false,
    "base_price_text": null,
    "base_price_prefix": null,
    "packaging_text": "kos",
    "discount_deleted_price": null,
    "discount_text": "ZGRABITE PRILOŽNOST!",
    "discount_percentage": null,
    "discount_has_star": false,
    "show_discount": false,
    "show_percentage": false,
    "from_recommended_price": false,
    "availability_indicator": 0,
    "online_available": false,
    "min_orderable_quantity": 1,
    "orderable_quantities": [],
    "badge_texts": [
      "V trgovini od 07.07."
    ],
    "badge_types": [
      "IN_STORE_FROM_DATE_TODAY"
    ],
    "main_image": "https://imgproxy-retcat.assets.schwarz/EI6m-eNH03xTXZ-hwBnrYIs09OxbtB74xIeYgN2MhFQ/sm:1/w:427/h:320/cz/M6Ly9wcm9kLWNhd/GFsb2ctbWVkaWEvc2kvMS9FMkE2MjcwRDdDRjBDMjU4ODJENjU2OUU/0MDE4MjVBQ0YwMjQ4ODY1RjIzMDE3MUE4ODhFQjhENjVCMzNGRTgyLmpwZw.jpg",
    "image_list": [
      "https://imgproxy-retcat.assets.schwarz/EI6m-eNH03xTXZ-hwBnrYIs09OxbtB74xIeYgN2MhFQ/sm:1/w:427/h:320/cz/M6Ly9wcm9kLWNhd/GFsb2ctbWVkaWEvc2kvMS9FMkE2MjcwRDdDRjBDMjU4ODJENjU2OUU/0MDE4MjVBQ0YwMjQ4ODY1RjIzMDE3MUE4ODhFQjhENjVCMzNGRTgyLmpwZw.jpg"
    ],
    "image_accessibility": "Otroška knjiga z naslovom NARAVA, ki prikazuje otroka, ki igra golf.",
    "detailed_images": [
      {
        "url": "https://imgproxy-retcat.assets.schwarz/EI6m-eNH03xTXZ-hwBnrYIs09OxbtB74xIeYgN2MhFQ/sm:1/w:427/h:320/cz/M6Ly9wcm9kLWNhd/GFsb2ctbWVkaWEvc2kvMS9FMkE2MjcwRDdDRjBDMjU4ODJENjU2OUU/0MDE4MjVBQ0YwMjQ4ODY1RjIzMDE3MUE4ODhFQjhENjVCMzNGRTgyLmpwZw.jpg",
        "accessibility": "Otroška knjiga z naslovom NARAVA, ki prikazuje otroka, ki igra golf."
      }
    ],
    "analytics_category": "Food",
    "more_details": "Dodatne podrobnosti o izdelku",
    "won_category_primary": "Svetovi potreb/Hrana in bližnja hrana/Sadje in zelenjava",
    "won_category_primary_path": "0/17/1710",
    "canonical_path": "/p/zalozba-grahovac-oglejmo-si-narava/p10082163",
    "canonical_url": "/p/zalozba-grahovac-oglejmo-si-narava/p10082163",
    "awards": [],
    "seals": [],
    "ribbons": [],
    "highlighted_seals": 0,
    "lidl_plus": [],
    "regions": [],
    "ians": [
      "536736"
    ],
    "show_brand": true,
    "deal_of_day_active": false,
    "full_title_meta": "ZALOŽBA GRAHOVAC Oglejmo si: Narava",
    "lists": [
      4990
    ],
    "preview": false,
    "category_breadcrumbs": [
      {
        "id": "10068374",
        "name": "Hrana in pijača",
        "url": "/c/hrana-in-pijaca/s10068374",
        "hidden": false
      },
      {
        "id": "10071012",
        "name": "Sadje in zelenjava",
        "url": "/h/sadje-in-zelenjava/h10071012",
        "hidden": false
      }
    ],
    "campaigns": [
      {
        "id": "10024386",
        "name": "Knjižna polica",
        "url": "/c/knjizna-polica/a10024386",
        "hidden": false
      }
    ],
    "world_of_needs_code": "1710",
    "world_of_needs_name": "Sadje in zelenjava",
    "world_of_needs_parent": "17",
    "is_main_category": true,
    "super_categories": [
      {
        "code": "17",
        "name": "Hrana in bližnja hrana",
        "parent": "0"
      },
      {
        "code": "0",
        "name": "Svetovi potreb",
        "parent": ""
      }
    ],
    "position": 326,
    "tracking_payload": {
      "searchTrackingMasterId": "Product.10082163",
      "searchTrackingTitle": "Oglejmo+si%3A+Narava",
      "searchTrackingPageSize": 100,
      "searchTrackingPage": 4,
      "searchTrackingEvent": "click",
      "list": "search",
      "searchTrackingId": "Product.10082163",
      "searchTrackingOrigPos": 1,
      "searchTrackingPos": 326,
      "searchTrackingOrigPageSize": 100,
      "searchTrackingChannel": "SI",
      "category": "Food"
    }
  },
  {
    "code": "10082185",
    "name": "Mestni junaki - Lokomotiva",
    "url": "",
    "result_class": "product",
    "type": "product",
    "product_id": 10082185,
    "erp_number": "10082185",
    "item_id": 10082185,
    "full_title": "ZALOŽBA GRAHOVAC Mestni junaki - Lokomotiva",
    "title": "Mestni junaki - Lokomotiva",
    "category": "Food",
    "product_type": "RETAIL",
    "age_restriction": false,
    "is_used_product": false,
    "multipack": false,
    "online": false,
    "store": true,
    "quick_add_to_cart": false,
    "flash_sales": false,
    "having_videos": false,
    "having_threesixty": false,
    "price": 3.99,
    "old_price": 0.0,
    "currency_code": "EUR",
    "currency_symbol": "€",
    "has_star": true,
    "has_vat": false,
    "price_theme": "white_red",
    "variants_have_different_prices": false,
    "base_price_text": null,
    "base_price_prefix": null,
    "packaging_text": "kos",
    "discount_deleted_price": null,
    "discount_text": "ZGRABITE PRILOŽNOST!",
    "discount_percentage": null,
    "discount_has_star": false,
    "show_discount": false,
    "show_percentage": false,
    "from_recommended_price": false,
    "availability_indicator": 0,
    "online_available": false,
    "min_orderable_quantity": 1,
    "orderable_quantities": [],
    "badge_texts": [
      "V trgovini od 07.07."
    ],
    "badge_types": [
      "IN_STORE_FROM_DATE_TODAY"
    ],
    "main_image": "https://imgproxy-retcat.assets.schwarz/A-E-zzjrS8V3-ttqAcs4Uo2AqHY6AsVe4MToOszGM-0/sm:1/w:427/h:320/cz/M6Ly9wcm9kLWNhd/GFsb2ctbWVkaWEvc2kvMS84NjRGMkE0RkMxNjI3MDBGMENFQ0E0QUE/yREUzRDVDNjEzRDhCQzI4MTgyRTc0MzNGRkFBN0EwREUyQzg2OTZGLmpwZw.jpg",
    "image_list": [
      "https://imgproxy-retcat.assets.schwarz/A-E-zzjrS8V3-ttqAcs4Uo2AqHY6AsVe4MToOszGM-0/sm:1/w:427/h:320/cz/M6Ly9wcm9kLWNhd/GFsb2ctbWVkaWEvc2kvMS84NjRGMkE0RkMxNjI3MDBGMENFQ0E0QUE/yREUzRDVDNjEzRDhCQzI4MTgyRTc0MzNGRkFBN0EwREUyQzg2OTZGLmpwZw.jpg"
    ],
    "image_accessibility": "Knjiga z naslovom 'Rdeča Lokomotiva' prikazuje rdečo lokomotivo s prikolico.",
    "detailed_images": [
      {
        "url": "https://imgproxy-retcat.assets.schwarz/A-E-zzjrS8V3-ttqAcs4Uo2AqHY6AsVe4MToOszGM-0/sm:1/w:427/h:320/cz/M6Ly9wcm9kLWNhd/GFsb2ctbWVkaWEvc2kvMS84NjRGMkE0RkMxNjI3MDBGMENFQ0E0QUE/yREUzRDVDNjEzRDhCQzI4MTgyRTc0MzNGRkFBN0EwREUyQzg2OTZGLmpwZw.jpg",
        "accessibility": "Knjiga z naslovom 'Rdeča Lokomotiva' prikazuje rdečo lokomotivo s prikolico."
      }
    ],
    "analytics_category": "Food",
    "more_details": "Dodatne podrobnosti o izdelku",
    "won_category_primary": "Svetovi potreb/Hrana in bližnja hrana/Pripravljene jedi (razen zamrznjene pice itd. in pekovskih izdelkov)",
    "won_category_primary_path": "0/17/1711",
    "canonical_path": "/p/zalozba-grahovac-mestni-junaki-lokomotiva/p10082185",
    "canonical_url": "/p/zalozba-grahovac-mestni-junaki-lokomotiva/p10082185",
    "awards": [],
    "seals": [],
    "ribbons": [],
    "highlighted_seals": 0,
    "lidl_plus": [],
    "regions": [],
    "ians": [
      "536736"
    ],
    "show_brand": true,
    "deal_of_day_active": false,
    "full_title_meta": "ZALOŽBA GRAHOVAC Mestni junaki - Lokomotiva",
    "lists": [
      4990
    ],
    "preview": false,
    "category_breadcrumbs": [
      {
        "id": "10068374",
        "name": "Hrana in pijača",
        "url": "/c/hrana-in-pijaca/s10068374",
        "hidden": false
      },
      {
        "id": "10071020",
        "name": "Gotove jed",
        "url": "/h/gotove-jed/h10071020",
        "hidden": false
      }
    ],
    "campaigns": [
      {
        "id": "10024386",
        "name": "Knjižna polica",
        "url": "/c/knjizna-polica/a10024386",
        "hidden": false
      }
    ],
    "world_of_needs_code": "1711",
    "world_of_needs_name": "Pripravljene jedi (razen zamrznjene pice itd. in pekovskih izdelkov)",
    "world_of_needs_parent": "17",
    "is_main_category": true,
    "super_categories": [
      {
        "code": "17",
        "name": "Hrana in bližnja hrana",
        "parent": "0"
      },
      {
        "code": "0",
        "name": "Svetovi potreb",
        "parent": ""
      }
    ],
    "position": 327,
    "tracking_payload": {
      "searchTrackingMasterId": "Product.10082185",
      "searchTrackingTitle": "Mestni+junaki+-+Lokomotiva",
      "searchTrackingPageSize": 100,
      "searchTrackingPage": 4,
      "searchTrackingEvent": "click",
      "list": "search",
      "searchTrackingId": "Product.10082185",
      "searchTrackingOrigPos": 1,
      "searchTrackingPos": 327,
      "searchTrackingOrigPageSize": 100,
      "searchTrackingChannel": "SI",
      "category": "Food"
    }
  },
  {
    "code": "10082187",
    "name": "Mestni junaki - Policist",
    "url": "",
    "result_class": "product",
    "type": "product",
    "product_id": 10082187,
    "erp_number": "10082187",
    "item_id": 10082187,
    "full_title": "ZALOŽBA GRAHOVAC Mestni junaki - Policist",
    "title": "Mestni junaki - Policist",
    "category": "Food",
    "product_type": "RETAIL",
    "age_restriction": false,
    "is_used_product": false,
    "multipack": false,
    "online": false,
    "store": true,
    "quick_add_to_cart": false,
    "flash_sales": false,
    "having_videos": false,
    "having_threesixty": false,
    "price": 3.99,
    "old_price": 0.0,
    "currency_code": "EUR",
    "currency_symbol": "€",
    "has_star": true,
    "has_vat": false,
    "price_theme": "white_red",
    "variants_have_different_prices": false,
    "base_price_text": null,
    "base_price_prefix": null,
    "packaging_text": "kos",
    "discount_deleted_price": null,
    "discount_text": "ZGRABITE PRILOŽNOST!",
    "discount_percentage": null,
    "discount_has_star": false,
    "show_discount": false,
    "show_percentage": false,
    "from_recommended_price": false,
    "availability_indicator": 0,
    "online_available": false,
    "min_orderable_quantity": 1,
    "orderable_quantities": [],
    "badge_texts": [
      "V trgovini od 07.07."
    ],
    "badge_types": [
      "IN_STORE_FROM_DATE_TODAY"
    ],
    "main_image": "https://imgproxy-retcat.assets.schwarz/KkiLJrkyU9BsIrcKltZfi6LMnTD8stQ9KduUr07JUik/sm:1/w:427/h:320/cz/M6Ly9wcm9kLWNhd/GFsb2ctbWVkaWEvc2kvMS9DNjREMzgzNjA2NTMyOEIzMzQ0Q0ZCQTE/3OUVCMjdDMTAwQTlCNzU0NEZGQkI5QkNGNkRGOTE5QTgzNDRBNzgxLmpwZw.jpg",
    "image_list": [
      "https://imgproxy-retcat.assets.schwarz/KkiLJrkyU9BsIrcKltZfi6LMnTD8stQ9KduUr07JUik/sm:1/w:427/h:320/cz/M6Ly9wcm9kLWNhd/GFsb2ctbWVkaWEvc2kvMS9DNjREMzgzNjA2NTMyOEIzMzQ0Q0ZCQTE/3OUVCMjdDMTAwQTlCNzU0NEZGQkI5QkNGNkRGOTE5QTgzNDRBNzgxLmpwZw.jpg"
    ],
    "image_accessibility": "Otroška slikanica Policaj iz serije Messy Mob.",
    "detailed_images": [
      {
        "url": "https://imgproxy-retcat.assets.schwarz/KkiLJrkyU9BsIrcKltZfi6LMnTD8stQ9KduUr07JUik/sm:1/w:427/h:320/cz/M6Ly9wcm9kLWNhd/GFsb2ctbWVkaWEvc2kvMS9DNjREMzgzNjA2NTMyOEIzMzQ0Q0ZCQTE/3OUVCMjdDMTAwQTlCNzU0NEZGQkI5QkNGNkRGOTE5QTgzNDRBNzgxLmpwZw.jpg",
        "accessibility": "Otroška slikanica Policaj iz serije Messy Mob."
      }
    ],
    "analytics_category": "Food",
    "more_details": "Dodatne podrobnosti o izdelku",
    "won_category_primary": "Svetovi potreb/Hrana in bližnja hrana/Drogerija - higiena, otroška hrana, kozmetika, čistila",
    "won_category_primary_path": "0/17/1723",
    "canonical_path": "/p/zalozba-grahovac-mestni-junaki-policist/p10082187",
    "canonical_url": "/p/zalozba-grahovac-mestni-junaki-policist/p10082187",
    "awards": [],
    "seals": [],
    "ribbons": [],
    "highlighted_seals": 0,
    "lidl_plus": [],
    "regions": [],
    "ians": [
      "536736"
    ],
    "show_brand": true,
    "deal_of_day_active": false,
    "full_title_meta": "ZALOŽBA GRAHOVAC Mestni junaki - Policist",
    "lists": [
      4990
    ],
    "preview": false,
    "category_breadcrumbs": [
      {
        "id": "10068374",
        "name": "Hrana in pijača",
        "url": "/c/hrana-in-pijaca/s10068374",
        "hidden": false
      },
      {
        "id": "10071019",
        "name": "Osebna nega",
        "url": "/h/osebna-nega/h10071019",
        "hidden": false
      }
    ],
    "campaigns": [
      {
        "id": "10024386",
        "name": "Knjižna polica",
        "url": "/c/knjizna-polica/a10024386",
        "hidden": false
      }
    ],
    "world_of_needs_code": "1723",
    "world_of_needs_name": "Drogerija - higiena, otroška hrana, kozmetika, čistila",
    "world_of_needs_parent": "17",
    "is_main_category": true,
    "super_categories": [
      {
        "code": "17",
        "name": "Hrana in bližnja hrana",
        "parent": "0"
      },
      {
        "code": "0",
        "name": "Svetovi potreb",
        "parent": ""
      }
    ],
    "position": 328,
    "tracking_payload": {
      "searchTrackingMasterId": "Product.10082187",
      "searchTrackingTitle": "Mestni+junaki+-+Policist",
      "searchTrackingPageSize": 100,
      "searchTrackingPage": 4,
      "searchTrackingEvent": "click",
      "list": "search",
      "searchTrackingId": "Product.10082187",
      "searchTrackingOrigPos": 1,
      "searchTrackingPos": 328,
      "searchTrackingOrigPageSize": 100,
      "searchTrackingChannel": "SI",
      "category": "Food"
    }
  },
  {
    "code": "10082189",
    "name": "Mestni junaki - Smetar",
    "url": "",
    "result_class": "product",
    "type": "product",
    "product_id": 10082189,
    "erp_number": "10082189",
    "item_id": 10082189,
    "full_title": "ZALOŽBA GRAHOVAC Mestni junaki - Smetar",
    "title": "Mestni junaki - Smetar",
    "category": "Food",
    "product_type": "RETAIL",
    "age_restriction": false,
    "is_used_product": false,
    "multipack": false,
    "online": false,
    "store": true,
    "quick_add_to_cart": false,
    "flash_sales": false,
    "having_videos": false,
    "having_threesixty": false,
    "price": 3.99,
    "old_price": 0.0,
    "currency_code": "EUR",
    "currency_symbol": "€",
    "has_star": true,
    "has_vat": false,
    "price_theme": "white_red",
    "variants_have_different_prices": false,
    "base_price_text": null,
    "base_price_prefix": null,
    "packaging_text": "kos",
    "discount_deleted_price": null,
    "discount_text": "ZGRABITE PRILOŽNOST!",
    "discount_percentage": null,
    "discount_has_star": false,
    "show_discount": false,
    "show_percentage": false,
    "from_recommended_price": false,
    "availability_indicator": 0,
    "online_available": false,
    "min_orderable_quantity": 1,
    "orderable_quantities": [],
    "badge_texts": [
      "V trgovini od 07.07."
    ],
    "badge_types": [
      "IN_STORE_FROM_DATE_TODAY"
    ],
    "main_image": "https://imgproxy-retcat.assets.schwarz/sR1djOVsGsQ-khDU5fbKETzymWWaK80t_bl_3iObIRo/sm:1/w:427/h:320/cz/M6Ly9wcm9kLWNhd/GFsb2ctbWVkaWEvc2kvMS9BOTAzOEVFN0JDREE0OTMzMkY2NENFQzI/zMDNCOTIwQjBFRjZBM0IxOTYwRDQ1OEVDMUU2OUU3QTJFMjgzMjNELmpwZw.jpg",
    "image_list": [
      "https://imgproxy-retcat.assets.schwarz/sR1djOVsGsQ-khDU5fbKETzymWWaK80t_bl_3iObIRo/sm:1/w:427/h:320/cz/M6Ly9wcm9kLWNhd/GFsb2ctbWVkaWEvc2kvMS9BOTAzOEVFN0JDREE0OTMzMkY2NENFQzI/zMDNCOTIwQjBFRjZBM0IxOTYwRDQ1OEVDMUU2OUU3QTJFMjgzMjNELmpwZw.jpg"
    ],
    "image_accessibility": "Knjiga o Smetu iz serije Melson Valley.",
    "detailed_images": [
      {
        "url": "https://imgproxy-retcat.assets.schwarz/sR1djOVsGsQ-khDU5fbKETzymWWaK80t_bl_3iObIRo/sm:1/w:427/h:320/cz/M6Ly9wcm9kLWNhd/GFsb2ctbWVkaWEvc2kvMS9BOTAzOEVFN0JDREE0OTMzMkY2NENFQzI/zMDNCOTIwQjBFRjZBM0IxOTYwRDQ1OEVDMUU2OUU3QTJFMjgzMjNELmpwZw.jpg",
        "accessibility": "Knjiga o Smetu iz serije Melson Valley."
      }
    ],
    "analytics_category": "Food",
    "more_details": "Dodatne podrobnosti o izdelku",
    "won_category_primary": "Svetovi potreb/Hrana in bližnja hrana/Pripravljene jedi (razen zamrznjene pice itd. in pekovskih izdelkov)",
    "won_category_primary_path": "0/17/1711",
    "canonical_path": "/p/zalozba-grahovac-mestni-junaki-smetar/p10082189",
    "canonical_url": "/p/zalozba-grahovac-mestni-junaki-smetar/p10082189",
    "awards": [],
    "seals": [],
    "ribbons": [],
    "highlighted_seals": 0,
    "lidl_plus": [],
    "regions": [],
    "ians": [
      "536736"
    ],
    "show_brand": true,
    "deal_of_day_active": false,
    "full_title_meta": "ZALOŽBA GRAHOVAC Mestni junaki - Smetar",
    "lists": [
      4990
    ],
    "preview": false,
    "category_breadcrumbs": [
      {
        "id": "10068374",
        "name": "Hrana in pijača",
        "url": "/c/hrana-in-pijaca/s10068374",
        "hidden": false
      },
      {
        "id": "10071020",
        "name": "Gotove jed",
        "url": "/h/gotove-jed/h10071020",
        "hidden": false
      }
    ],
    "campaigns": [
      {
        "id": "10024386",
        "name": "Knjižna polica",
        "url": "/c/knjizna-polica/a10024386",
        "hidden": false
      }
    ],
    "world_of_needs_code": "1711",
    "world_of_needs_name": "Pripravljene jedi (razen zamrznjene pice itd. in pekovskih izdelkov)",
    "world_of_needs_parent": "17",
    "is_main_category": true,
    "super_categories": [
      {
        "code": "17",
        "name": "Hrana in bližnja hrana",
        "parent": "0"
      },
      {
        "code": "0",
        "name": "Svetovi potreb",
        "parent": ""
      }
    ],
    "position": 329,
    "tracking_payload": {
      "searchTrackingMasterId": "Product.10082189",
      "searchTrackingTitle": "Mestni+junaki+-+Smetar",
      "searchTrackingPageSize": 100,
      "searchTrackingPage": 4,
      "searchTrackingEvent": "click",
      "list": "search",
      "searchTrackingId": "Product.10082189",
      "searchTrackingOrigPos": 1,
      "searchTrackingPos": 329,
      "searchTrackingOrigPageSize": 100,
      "searchTrackingChannel": "SI",
      "category": "Food"
    }
  },
  {
    "code": "10082191",
    "name": "Mestni junaki - Kopač",
    "url": "",
    "result_class": "product",
    "type": "product",
    "product_id": 10082191,
    "erp_number": "10082191",
    "item_id": 10082191,
    "full_title": "ZALOŽBA GRAHOVAC Mestni junaki - Kopač",
    "title": "Mestni junaki - Kopač",
    "category": "Food",
    "product_type": "RETAIL",
    "age_restriction": false,
    "is_used_product": false,
    "multipack": false,
    "online": false,
    "store": true,
    "quick_add_to_cart": false,
    "flash_sales": false,
    "having_videos": false,
    "having_threesixty": false,
    "price": 3.99,
    "old_price": 0.0,
    "currency_code": "EUR",
    "currency_symbol": "€",
    "has_star": true,
    "has_vat": false,
    "price_theme": "white_red",
    "variants_have_different_prices": false,
    "base_price_text": null,
    "base_price_prefix": null,
    "packaging_text": "kos",
    "discount_deleted_price": null,
    "discount_text": "ZGRABITE PRILOŽNOST!",
    "discount_percentage": null,
    "discount_has_star": false,
    "show_discount": false,
    "show_percentage": false,
    "from_recommended_price": false,
    "availability_indicator": 0,
    "online_available": false,
    "min_orderable_quantity": 1,
    "orderable_quantities": [],
    "badge_texts": [
      "V trgovini od 07.07."
    ],
    "badge_types": [
      "IN_STORE_FROM_DATE_TODAY"
    ],
    "main_image": "https://imgproxy-retcat.assets.schwarz/RU8YUuL9gYHZW72BSlhqKgQY1SF4dxU50KOerFKgFxo/sm:1/w:427/h:320/cz/M6Ly9wcm9kLWNhd/GFsb2ctbWVkaWEvc2kvMS9BRkZFMTk1NEEwQjVCNUQyQTk3QTEzMjM/4NEM5NjE5QTY0QkI2NkJDM0MxODA5QzlEMjc0NTVGODFEOTc0RjZCLmpwZw.jpg",
    "image_list": [
      "https://imgproxy-retcat.assets.schwarz/RU8YUuL9gYHZW72BSlhqKgQY1SF4dxU50KOerFKgFxo/sm:1/w:427/h:320/cz/M6Ly9wcm9kLWNhd/GFsb2ctbWVkaWEvc2kvMS9BRkZFMTk1NEEwQjVCNUQyQTk3QTEzMjM/4NEM5NjE5QTY0QkI2NkJDM0MxODA5QzlEMjc0NTVGODFEOTc0RjZCLmpwZw.jpg"
    ],
    "image_accessibility": "Otroška slikanica o Bagru iz serije Mali gradbeni stroji.",
    "detailed_images": [
      {
        "url": "https://imgproxy-retcat.assets.schwarz/RU8YUuL9gYHZW72BSlhqKgQY1SF4dxU50KOerFKgFxo/sm:1/w:427/h:320/cz/M6Ly9wcm9kLWNhd/GFsb2ctbWVkaWEvc2kvMS9BRkZFMTk1NEEwQjVCNUQyQTk3QTEzMjM/4NEM5NjE5QTY0QkI2NkJDM0MxODA5QzlEMjc0NTVGODFEOTc0RjZCLmpwZw.jpg",
        "accessibility": "Otroška slikanica o Bagru iz serije Mali gradbeni stroji."
      }
    ],
    "analytics_category": "Food",
    "more_details": "Dodatne podrobnosti o izdelku",
    "won_category_primary": "Svetovi potreb/Hrana in bližnja hrana/Pripravljene jedi (razen zamrznjene pice itd. in pekovskih izdelkov)",
    "won_category_primary_path": "0/17/1711",
    "canonical_path": "/p/zalozba-grahovac-mestni-junaki-kopac/p10082191",
    "canonical_url": "/p/zalozba-grahovac-mestni-junaki-kopac/p10082191",
    "awards": [],
    "seals": [],
    "ribbons": [],
    "highlighted_seals": 0,
    "lidl_plus": [],
    "regions": [],
    "ians": [
      "536736"
    ],
    "show_brand": true,
    "deal_of_day_active": false,
    "full_title_meta": "ZALOŽBA GRAHOVAC Mestni junaki - Kopač",
    "lists": [
      4990
    ],
    "preview": false,
    "category_breadcrumbs": [
      {
        "id": "10068374",
        "name": "Hrana in pijača",
        "url": "/c/hrana-in-pijaca/s10068374",
        "hidden": false
      },
      {
        "id": "10071020",
        "name": "Gotove jed",
        "url": "/h/gotove-jed/h10071020",
        "hidden": false
      }
    ],
    "campaigns": [
      {
        "id": "10024386",
        "name": "Knjižna polica",
        "url": "/c/knjizna-polica/a10024386",
        "hidden": false
      }
    ],
    "world_of_needs_code": "1711",
    "world_of_needs_name": "Pripravljene jedi (razen zamrznjene pice itd. in pekovskih izdelkov)",
    "world_of_needs_parent": "17",
    "is_main_category": true,
    "super_categories": [
      {
        "code": "17",
        "name": "Hrana in bližnja hrana",
        "parent": "0"
      },
      {
        "code": "0",
        "name": "Svetovi potreb",
        "parent": ""
      }
    ],
    "position": 330,
    "tracking_payload": {
      "searchTrackingMasterId": "Product.10082191",
      "searchTrackingTitle": "Mestni+junaki+-+Kopa%C4%8D",
      "searchTrackingPageSize": 100,
      "searchTrackingPage": 4,
      "searchTrackingEvent": "click",
      "list": "search",
      "searchTrackingId": "Product.10082191",
      "searchTrackingOrigPos": 1,
      "searchTrackingPos": 330,
      "searchTrackingOrigPageSize": 100,
      "searchTrackingChannel": "SI",
      "category": "Food"
    }
  },
  {
    "code": "10082229",
    "name": "Pizza šunka",
    "url": "",
    "result_class": "product",
    "type": "product",
    "product_id": 10082229,
    "erp_number": "10082229",
    "item_id": 10082229,
    "full_title": "BARONI Pizza šunka",
    "title": "Pizza šunka",
    "category": "Food",
    "product_type": "RETAIL",
    "age_restriction": false,
    "is_used_product": false,
    "multipack": false,
    "online": false,
    "store": true,
    "quick_add_to_cart": false,
    "flash_sales": false,
    "having_videos": false,
    "having_threesixty": false,
    "price": null,
    "old_price": null,
    "currency_code": "EUR",
    "currency_symbol": "€",
    "has_star": true,
    "has_vat": false,
    "price_theme": null,
    "variants_have_different_prices": false,
    "base_price_text": null,
    "base_price_prefix": null,
    "packaging_text": null,
    "discount_deleted_price": null,
    "discount_text": null,
    "discount_percentage": null,
    "discount_has_star": null,
    "show_discount": null,
    "show_percentage": null,
    "from_recommended_price": null,
    "availability_indicator": 0,
    "online_available": false,
    "min_orderable_quantity": 1,
    "orderable_quantities": [],
    "badge_texts": [
      "V trgovini od 07.07. do 09.07."
    ],
    "badge_types": [
      "IN_STORE_TODAY_DATE_RANGE"
    ],
    "main_image": "https://imgproxy-retcat.assets.schwarz/1yqdsdNIdAjY06Tgy8WE-SKH7tveie5C4Nt-PwRkBWk/sm:1/w:427/h:320/cz/M6Ly9wcm9kLWNhd/GFsb2ctbWVkaWEvc2kvMS81NjA0MkVCRUY2NjlCNTdDRUU4OTBGNDd/BQTRCMzhERUEyMzNGMUEyMEQ0NkE4NzcxOTVGRjE4Q0IzQkQyNDg3LmpwZw.jpg",
    "image_list": [
      "https://imgproxy-retcat.assets.schwarz/1yqdsdNIdAjY06Tgy8WE-SKH7tveie5C4Nt-PwRkBWk/sm:1/w:427/h:320/cz/M6Ly9wcm9kLWNhd/GFsb2ctbWVkaWEvc2kvMS81NjA0MkVCRUY2NjlCNTdDRUU4OTBGNDd/BQTRCMzhERUEyMzNGMUEyMEQ0NkE4NzcxOTVGRjE4Q0IzQkQyNDg3LmpwZw.jpg"
    ],
    "image_accessibility": "Paket Badel Pizza šunke.",
    "detailed_images": [
      {
        "url": "https://imgproxy-retcat.assets.schwarz/1yqdsdNIdAjY06Tgy8WE-SKH7tveie5C4Nt-PwRkBWk/sm:1/w:427/h:320/cz/M6Ly9wcm9kLWNhd/GFsb2ctbWVkaWEvc2kvMS81NjA0MkVCRUY2NjlCNTdDRUU4OTBGNDd/BQTRCMzhERUEyMzNGMUEyMEQ0NkE4NzcxOTVGRjE4Q0IzQkQyNDg3LmpwZw.jpg",
        "accessibility": "Paket Badel Pizza šunke."
      }
    ],
    "analytics_category": "Food",
    "more_details": "Dodatne podrobnosti o izdelku",
    "won_category_primary": "Svetovi potreb/Hrana in bližnja hrana/Klobase in meso",
    "won_category_primary_path": "0/17/1717",
    "canonical_path": "/p/baroni-pizza-sunka/p10082229",
    "canonical_url": "/p/baroni-pizza-sunka/p10082229",
    "awards": [],
    "seals": [
      {
        "altText": "Logotip Lidl Plus",
        "image": "https://imgproxy-retcat.assets.schwarz/DjNLhjIEpHeUFO-WYf3wploAS16YAf6tVgt5EMshyFs/sm:1/w:140/cz/M6Ly9wcm9kLWNhd/GFsb2ctbWVkaWEvc2kvMi9BMEU2QkJCNEZCQTZENzlEQ0MzRDRFOEM/2REREODBCRjMwQUNFQjJBMDBGREI4RjI1M0Y3MDYzOTFFMTg3RUVGLnBuZw.png"
      },
      {
        "altText": "Slovenski izdelek",
        "image": "https://imgproxy-retcat.assets.schwarz/065GlWscfuyzRNlqdEjgEaZNE6893872XSglFaanlJA/sm:1/w:140/cz/M6Ly9wcm9kLWNhd/GFsb2ctbWVkaWEvc2kvMi83RTk4NkYyRDk1MTlDRUJBNzA1N0JGMzA/1QjA1NjUyRjVCMjMzNzZGRjY4MzVEREFGQzIwQzE5NDVFQUE5M0RCLnBuZw.png"
      }
    ],
    "ribbons": [],
    "highlighted_seals": 0,
    "lidl_plus": [
      {
        "price": {
          "basePrice": {
            "prefix": false,
            "text": "1 kg = 6.45"
          },
          "discount": {
            "deletedPrice": 1.89,
            "discountHasStar": false,
            "discountText": "- 31 %",
            "fromRecommendedPrice": false,
            "showDiscount": true,
            "showFrom": false,
            "showPercentage": true,
            "showUpTo": false
          },
          "displayedCurrency": "€",
          "hasStar": true,
          "hasVat": false,
          "oldPrice": 1.89,
          "packaging": {
            "text": "200 g"
          },
          "price": 1.29,
          "priceTheme": "red_yellow",
          "specialTaxes": []
        },
        "lidlPlusText": "z Lidl Plus",
        "highlightText": "- 31 %"
      }
    ],
    "regions": [],
    "ians": [
      "4590"
    ],
    "show_brand": true,
    "deal_of_day_active": false,
    "full_title_meta": "BARONI Pizza šunka",
    "lists": [
      4986
    ],
    "preview": false,
    "category_breadcrumbs": [
      {
        "id": "10068374",
        "name": "Hrana in pijača",
        "url": "/c/hrana-in-pijaca/s10068374",
        "hidden": false
      },
      {
        "id": "10071016",
        "name": "Meso in mesni izdelki",
        "url": "/h/meso-in-mesni-izdelki/h10071016",
        "hidden": false
      }
    ],
    "campaigns": [
      {
        "id": "Current_Sales_Week",
        "name": "Ta teden",
        "url": null,
        "hidden": false
      },
      {
        "id": "10024188",
        "name": "Lidl Plus",
        "url": "/c/lidl-plus/a10024188",
        "hidden": false
      }
    ],
    "world_of_needs_code": "1717",
    "world_of_needs_name": "Klobase in meso",
    "world_of_needs_parent": "17",
    "is_main_category": true,
    "super_categories": [
      {
        "code": "17",
        "name": "Hrana in bližnja hrana",
        "parent": "0"
      },
      {
        "code": "0",
        "name": "Svetovi potreb",
        "parent": ""
      }
    ],
    "position": 331,
    "tracking_payload": {
      "searchTrackingMasterId": "Product.10082229",
      "searchTrackingTitle": "Pizza+%C5%A1unka",
      "searchTrackingPageSize": 100,
      "searchTrackingPage": 4,
      "searchTrackingEvent": "click",
      "list": "search",
      "searchTrackingId": "Product.10082229",
      "searchTrackingOrigPos": 1,
      "searchTrackingPos": 331,
      "searchTrackingOrigPageSize": 100,
      "searchTrackingChannel": "SI",
      "category": "Food"
    }
  },
  {
    "code": "10082231",
    "name": "Nepasirana skuta",
    "url": "",
    "result_class": "product",
    "type": "product",
    "product_id": 10082231,
    "erp_number": "10082231",
    "item_id": 10082231,
    "full_title": "MU CUISINE Nepasirana skuta",
    "title": "Nepasirana skuta",
    "category": "Food",
    "product_type": "RETAIL",
    "age_restriction": false,
    "is_used_product": false,
    "multipack": false,
    "online": false,
    "store": true,
    "quick_add_to_cart": false,
    "flash_sales": false,
    "having_videos": false,
    "having_threesixty": false,
    "price": null,
    "old_price": null,
    "currency_code": "EUR",
    "currency_symbol": "€",
    "has_star": true,
    "has_vat": false,
    "price_theme": null,
    "variants_have_different_prices": false,
    "base_price_text": null,
    "base_price_prefix": null,
    "packaging_text": null,
    "discount_deleted_price": null,
    "discount_text": null,
    "discount_percentage": null,
    "discount_has_star": null,
    "show_discount": null,
    "show_percentage": null,
    "from_recommended_price": null,
    "availability_indicator": 0,
    "online_available": false,
    "min_orderable_quantity": 1,
    "orderable_quantities": [],
    "badge_texts": [
      "V trgovini od 07.07. do 09.07."
    ],
    "badge_types": [
      "IN_STORE_TODAY_DATE_RANGE"
    ],
    "main_image": "https://imgproxy-retcat.assets.schwarz/2DrQvA7WnF-E1zm75vMSf8LGT6KoGtPBcGJZjnlATK0/sm:1/w:427/h:320/cz/M6Ly9wcm9kLWNhd/GFsb2ctbWVkaWEvc2kvMS8xMEUxODY0QTMzODE3REJGNkU2NjM2N0V/GOTA1OEZEQTI1QkMxNkZDQTRERDczRUU5MUNCMUJFQzMyRDQzNTZGLmpwZw.jpg",
    "image_list": [
      "https://imgproxy-retcat.assets.schwarz/2DrQvA7WnF-E1zm75vMSf8LGT6KoGtPBcGJZjnlATK0/sm:1/w:427/h:320/cz/M6Ly9wcm9kLWNhd/GFsb2ctbWVkaWEvc2kvMS8xMEUxODY0QTMzODE3REJGNkU2NjM2N0V/GOTA1OEZEQTI1QkMxNkZDQTRERDczRUU5MUNCMUJFQzMyRDQzNTZGLmpwZw.jpg"
    ],
    "image_accessibility": "Lonček MU skute z okusom vanilije.",
    "detailed_images": [
      {
        "url": "https://imgproxy-retcat.assets.schwarz/2DrQvA7WnF-E1zm75vMSf8LGT6KoGtPBcGJZjnlATK0/sm:1/w:427/h:320/cz/M6Ly9wcm9kLWNhd/GFsb2ctbWVkaWEvc2kvMS8xMEUxODY0QTMzODE3REJGNkU2NjM2N0V/GOTA1OEZEQTI1QkMxNkZDQTRERDczRUU5MUNCMUJFQzMyRDQzNTZGLmpwZw.jpg",
        "accessibility": "Lonček MU skute z okusom vanilije."
      }
    ],
    "analytics_category": "Food",
    "more_details": "Dodatne podrobnosti o izdelku",
    "won_category_primary": "Svetovi potreb/Hrana in bližnja hrana/Sir in mlečni izdelki (vključno z maslom in sirom)",
    "won_category_primary_path": "0/17/1718",
    "canonical_path": "/p/mu-cuisine-nepasirana-skuta/p10082231",
    "canonical_url": "/p/mu-cuisine-nepasirana-skuta/p10082231",
    "awards": [],
    "seals": [
      {
        "altText": "Logotip Lidl Plus",
        "image": "https://imgproxy-retcat.assets.schwarz/DjNLhjIEpHeUFO-WYf3wploAS16YAf6tVgt5EMshyFs/sm:1/w:140/cz/M6Ly9wcm9kLWNhd/GFsb2ctbWVkaWEvc2kvMi9BMEU2QkJCNEZCQTZENzlEQ0MzRDRFOEM/2REREODBCRjMwQUNFQjJBMDBGREI4RjI1M0Y3MDYzOTFFMTg3RUVGLnBuZw.png"
      },
      {
        "altText": "Nalepka: IZBRANA KAKOVOST, dva diamanti",
        "image": "https://imgproxy-retcat.assets.schwarz/wtd5_GfhfuyCgNwAfOv49gnGT4Rn6TY8NjywUVGixAk/sm:1/w:140/cz/M6Ly9wcm9kLWNhd/GFsb2ctbWVkaWEvc2kvMi9ERjg3RTE1MjgwMUFGRjI2RTRDNEZCMTc/zMkQ1NjRFODNBNzZEN0IxNUQ5MDY2Q0U4RDAxMEY5MTUzMzkyQjRCLnBuZw.png"
      }
    ],
    "ribbons": [],
    "highlighted_seals": 0,
    "lidl_plus": [
      {
        "price": {
          "basePrice": {
            "prefix": false,
            "text": "1 kg = 4.98"
          },
          "discount": {
            "deletedPrice": 3.79,
            "discountHasStar": false,
            "discountText": "- 34 %",
            "fromRecommendedPrice": false,
            "showDiscount": true,
            "showFrom": false,
            "showPercentage": true,
            "showUpTo": false
          },
          "displayedCurrency": "€",
          "hasStar": true,
          "hasVat": false,
          "oldPrice": 3.79,
          "packaging": {
            "text": "500 g"
          },
          "price": 2.49,
          "priceTheme": "red_yellow",
          "specialTaxes": []
        },
        "lidlPlusText": "z Lidl Plus",
        "highlightText": "- 34 %"
      }
    ],
    "regions": [],
    "ians": [
      "7301481"
    ],
    "show_brand": true,
    "deal_of_day_active": false,
    "full_title_meta": "MU CUISINE Nepasirana skuta",
    "lists": [
      4986
    ],
    "preview": false,
    "category_breadcrumbs": [
      {
        "id": "10068374",
        "name": "Hrana in pijača",
        "url": "/c/hrana-in-pijaca/s10068374",
        "hidden": false
      },
      {
        "id": "10071017",
        "name": " Sir &  Mlečni izdelki",
        "url": "/h/sir-mlecni-izdelki/h10071017",
        "hidden": false
      }
    ],
    "campaigns": [
      {
        "id": "Current_Sales_Week",
        "name": "Ta teden",
        "url": null,
        "hidden": false
      },
      {
        "id": "10024188",
        "name": "Lidl Plus",
        "url": "/c/lidl-plus/a10024188",
        "hidden": false
      }
    ],
    "world_of_needs_code": "1718",
    "world_of_needs_name": "Sir in mlečni izdelki (vključno z maslom in sirom)",
    "world_of_needs_parent": "17",
    "is_main_category": true,
    "super_categories": [
      {
        "code": "17",
        "name": "Hrana in bližnja hrana",
        "parent": "0"
      },
      {
        "code": "0",
        "name": "Svetovi potreb",
        "parent": ""
      }
    ],
    "position": 332,
    "tracking_payload": {
      "searchTrackingMasterId": "Product.10082231",
      "searchTrackingTitle": "Nepasirana+skuta",
      "searchTrackingPageSize": 100,
      "searchTrackingPage": 4,
      "searchTrackingEvent": "click",
      "list": "search",
      "searchTrackingId": "Product.10082231",
      "searchTrackingOrigPos": 1,
      "searchTrackingPos": 332,
      "searchTrackingOrigPageSize": 100,
      "searchTrackingChannel": "SI",
      "category": "Food"
    }
  },
  {
    "code": "10082233",
    "name": "Donut z vanilijevim polnilom",
    "url": "",
    "result_class": "product",
    "type": "product",
    "product_id": 10082233,
    "erp_number": "10082233",
    "item_id": 10082233,
    "full_title": "Donut z vanilijevim polnilom",
    "title": "Donut z vanilijevim polnilom",
    "category": "Food",
    "product_type": "RETAIL",
    "age_restriction": false,
    "is_used_product": false,
    "multipack": false,
    "online": false,
    "store": true,
    "quick_add_to_cart": false,
    "flash_sales": false,
    "having_videos": false,
    "having_threesixty": false,
    "price": 0.46,
    "old_price": 0.0,
    "currency_code": "EUR",
    "currency_symbol": "€",
    "has_star": true,
    "has_vat": false,
    "price_theme": "white_red",
    "variants_have_different_prices": false,
    "base_price_text": "1 kg = 6.87",
    "base_price_prefix": false,
    "packaging_text": "cena za kos ob nakupu 3 kosov",
    "discount_deleted_price": null,
    "discount_text": "2+1 GRATIS",
    "discount_percentage": null,
    "discount_has_star": false,
    "show_discount": false,
    "show_percentage": false,
    "from_recommended_price": false,
    "availability_indicator": 0,
    "online_available": false,
    "min_orderable_quantity": 1,
    "orderable_quantities": [],
    "badge_texts": [
      "V trgovini od 07.07. do 09.07."
    ],
    "badge_types": [
      "IN_STORE_TODAY_DATE_RANGE"
    ],
    "main_image": "https://imgproxy-retcat.assets.schwarz/0w8tQmtbj59It4fO_q9tmsiVU__IF1GFb2eRisKem5w/sm:1/w:427/h:320/cz/M6Ly9wcm9kLWNhd/GFsb2ctbWVkaWEvc2kvMS85N0YwMDk2MkFDQzUzNjc2ODAwNkM1RDg/xNUNDRkRGQkYzNUQ0QThBNDMzQkEzM0I0NzA4OUM1QzQxM0E3NzUzLmpwZw.jpg",
    "image_list": [
      "https://imgproxy-retcat.assets.schwarz/0w8tQmtbj59It4fO_q9tmsiVU__IF1GFb2eRisKem5w/sm:1/w:427/h:320/cz/M6Ly9wcm9kLWNhd/GFsb2ctbWVkaWEvc2kvMS85N0YwMDk2MkFDQzUzNjc2ODAwNkM1RDg/xNUNDRkRGQkYzNUQ0QThBNDMzQkEzM0I0NzA4OUM1QzQxM0E3NzUzLmpwZw.jpg"
    ],
    "image_accessibility": "Tri črtasto obložene krofe na sivem krožniku.",
    "detailed_images": [
      {
        "url": "https://imgproxy-retcat.assets.schwarz/0w8tQmtbj59It4fO_q9tmsiVU__IF1GFb2eRisKem5w/sm:1/w:427/h:320/cz/M6Ly9wcm9kLWNhd/GFsb2ctbWVkaWEvc2kvMS85N0YwMDk2MkFDQzUzNjc2ODAwNkM1RDg/xNUNDRkRGQkYzNUQ0QThBNDMzQkEzM0I0NzA4OUM1QzQxM0E3NzUzLmpwZw.jpg",
        "accessibility": "Tri črtasto obložene krofe na sivem krožniku."
      }
    ],
    "analytics_category": "Food",
    "more_details": "Dodatne podrobnosti o izdelku",
    "won_category_primary": "Svetovi potreb/Hrana in bližnja hrana/Kruh in pekovsko pecivo",
    "won_category_primary_path": "0/17/1713",
    "canonical_path": "/p/donut-z-vanilijevim-polnilom/p10082233",
    "canonical_url": "/p/donut-z-vanilijevim-polnilom/p10082233",
    "awards": [],
    "seals": [],
    "ribbons": [],
    "highlighted_seals": 0,
    "lidl_plus": [],
    "regions": [],
    "ians": [
      "207509"
    ],
    "show_brand": false,
    "deal_of_day_active": false,
    "full_title_meta": "Donut z vanilijevim polnilom",
    "lists": [
      4986
    ],
    "preview": false,
    "category_breadcrumbs": [
      {
        "id": "10068374",
        "name": "Hrana in pijača",
        "url": "/c/hrana-in-pijaca/s10068374",
        "hidden": false
      },
      {
        "id": "10071015",
        "name": "Kruh in pekovski izdelki",
        "url": "/h/kruh-in-pekovski-izdelki/h10071015",
        "hidden": false
      }
    ],
    "campaigns": [
      {
        "id": "Current_Sales_Week",
        "name": "Ta teden",
        "url": null,
        "hidden": false
      },
      {
        "id": "10074822",
        "name": "Tvoja Lidl cena",
        "url": "/c/tvoja-lidl-cena/a10074822",
        "hidden": false
      }
    ],
    "world_of_needs_code": "1713",
    "world_of_needs_name": "Kruh in pekovsko pecivo",
    "world_of_needs_parent": "17",
    "is_main_category": true,
    "super_categories": [
      {
        "code": "17",
        "name": "Hrana in bližnja hrana",
        "parent": "0"
      },
      {
        "code": "0",
        "name": "Svetovi potreb",
        "parent": ""
      }
    ],
    "position": 333,
    "tracking_payload": {
      "searchTrackingMasterId": "Product.10082233",
      "searchTrackingTitle": "Donut+z+vanilijevim+polnilom",
      "searchTrackingPageSize": 100,
      "searchTrackingPage": 4,
      "searchTrackingEvent": "click",
      "list": "search",
      "searchTrackingId": "Product.10082233",
      "searchTrackingOrigPos": 1,
      "searchTrackingPos": 333,
      "searchTrackingOrigPageSize": 100,
      "searchTrackingChannel": "SI",
      "category": "Food"
    }
  },
  {
    "code": "10082237",
    "name": "Tradicionalni kefir",
    "url": "",
    "result_class": "product",
    "type": "product",
    "product_id": 10082237,
    "erp_number": "10082237",
    "item_id": 10082237,
    "full_title": "PILOS Tradicionalni kefir",
    "title": "Tradicionalni kefir",
    "category": "Food",
    "product_type": "RETAIL",
    "age_restriction": false,
    "is_used_product": false,
    "multipack": false,
    "online": false,
    "store": true,
    "quick_add_to_cart": false,
    "flash_sales": false,
    "having_videos": false,
    "having_threesixty": false,
    "price": null,
    "old_price": null,
    "currency_code": "EUR",
    "currency_symbol": "€",
    "has_star": true,
    "has_vat": false,
    "price_theme": null,
    "variants_have_different_prices": false,
    "base_price_text": null,
    "base_price_prefix": null,
    "packaging_text": null,
    "discount_deleted_price": null,
    "discount_text": null,
    "discount_percentage": null,
    "discount_has_star": null,
    "show_discount": null,
    "show_percentage": null,
    "from_recommended_price": null,
    "availability_indicator": 0,
    "online_available": false,
    "min_orderable_quantity": 1,
    "orderable_quantities": [],
    "badge_texts": [
      "V trgovini od 07.07. do 09.07."
    ],
    "badge_types": [
      "IN_STORE_TODAY_DATE_RANGE"
    ],
    "main_image": "https://imgproxy-retcat.assets.schwarz/EKMXQSN-cNUqoK30W2ziICkPEchwdw0SovD3m6CiSdE/sm:1/w:427/h:320/cz/M6Ly9wcm9kLWNhd/GFsb2ctbWVkaWEvc2kvMS9GOEJBQjQzNUExQzI2NjUyQjg0MjNCRTA/5QUJDQzUzODNEN0VBNUU1MEE3MzhDREY3MzQwNUVCNkMyOTk5MTMzLmpwZw.jpg",
    "image_list": [
      "https://imgproxy-retcat.assets.schwarz/EKMXQSN-cNUqoK30W2ziICkPEchwdw0SovD3m6CiSdE/sm:1/w:427/h:320/cz/M6Ly9wcm9kLWNhd/GFsb2ctbWVkaWEvc2kvMS9GOEJBQjQzNUExQzI2NjUyQjg0MjNCRTA/5QUJDQzUzODNEN0VBNUU1MEE3MzhDREY3MzQwNUVCNkMyOTk5MTMzLmpwZw.jpg"
    ],
    "image_accessibility": "Steklenica kefirja.",
    "detailed_images": [
      {
        "url": "https://imgproxy-retcat.assets.schwarz/EKMXQSN-cNUqoK30W2ziICkPEchwdw0SovD3m6CiSdE/sm:1/w:427/h:320/cz/M6Ly9wcm9kLWNhd/GFsb2ctbWVkaWEvc2kvMS9GOEJBQjQzNUExQzI2NjUyQjg0MjNCRTA/5QUJDQzUzODNEN0VBNUU1MEE3MzhDREY3MzQwNUVCNkMyOTk5MTMzLmpwZw.jpg",
        "accessibility": "Steklenica kefirja."
      }
    ],
    "analytics_category": "Food",
    "more_details": "Dodatne podrobnosti o izdelku",
    "won_category_primary": "Svetovi potreb/Hrana in bližnja hrana/Sir in mlečni izdelki (vključno z maslom in sirom)",
    "won_category_primary_path": "0/17/1718",
    "canonical_path": "/p/pilos-tradicionalni-kefir/p10082237",
    "canonical_url": "/p/pilos-tradicionalni-kefir/p10082237",
    "awards": [],
    "seals": [
      {
        "altText": "Logotip Lidl Plus",
        "image": "https://imgproxy-retcat.assets.schwarz/DjNLhjIEpHeUFO-WYf3wploAS16YAf6tVgt5EMshyFs/sm:1/w:140/cz/M6Ly9wcm9kLWNhd/GFsb2ctbWVkaWEvc2kvMi9BMEU2QkJCNEZCQTZENzlEQ0MzRDRFOEM/2REREODBCRjMwQUNFQjJBMDBGREI4RjI1M0Y3MDYzOTFFMTg3RUVGLnBuZw.png"
      },
      {
        "altText": "Slovenski izdelek",
        "image": "https://imgproxy-retcat.assets.schwarz/065GlWscfuyzRNlqdEjgEaZNE6893872XSglFaanlJA/sm:1/w:140/cz/M6Ly9wcm9kLWNhd/GFsb2ctbWVkaWEvc2kvMi83RTk4NkYyRDk1MTlDRUJBNzA1N0JGMzA/1QjA1NjUyRjVCMjMzNzZGRjY4MzVEREFGQzIwQzE5NDVFQUE5M0RCLnBuZw.png"
      }
    ],
    "ribbons": [],
    "highlighted_seals": 0,
    "lidl_plus": [
      {
        "price": {
          "basePrice": {
            "prefix": false,
            "text": "1 kg = 2.25"
          },
          "discount": {
            "deletedPrice": 2.49,
            "discountHasStar": false,
            "discountText": "- 32 %",
            "fromRecommendedPrice": false,
            "showDiscount": true,
            "showFrom": false,
            "showPercentage": true,
            "showUpTo": false
          },
          "displayedCurrency": "€",
          "hasStar": true,
          "hasVat": false,
          "oldPrice": 2.49,
          "packaging": {
            "text": "750 g"
          },
          "price": 1.69,
          "priceTheme": "red_yellow",
          "specialTaxes": []
        },
        "lidlPlusText": "z Lidl Plus",
        "highlightText": "- 32 %"
      }
    ],
    "regions": [],
    "ians": [
      "7302721"
    ],
    "show_brand": true,
    "deal_of_day_active": false,
    "full_title_meta": "PILOS Tradicionalni kefir",
    "lists": [
      4986
    ],
    "preview": false,
    "category_breadcrumbs": [
      {
        "id": "10068374",
        "name": "Hrana in pijača",
        "url": "/c/hrana-in-pijaca/s10068374",
        "hidden": false
      },
      {
        "id": "10071017",
        "name": " Sir &  Mlečni izdelki",
        "url": "/h/sir-mlecni-izdelki/h10071017",
        "hidden": false
      }
    ],
    "campaigns": [
      {
        "id": "Current_Sales_Week",
        "name": "Ta teden",
        "url": null,
        "hidden": false
      },
      {
        "id": "10024188",
        "name": "Lidl Plus",
        "url": "/c/lidl-plus/a10024188",
        "hidden": false
      }
    ],
    "world_of_needs_code": "1718",
    "world_of_needs_name": "Sir in mlečni izdelki (vključno z maslom in sirom)",
    "world_of_needs_parent": "17",
    "is_main_category": true,
    "super_categories": [
      {
        "code": "17",
        "name": "Hrana in bližnja hrana",
        "parent": "0"
      },
      {
        "code": "0",
        "name": "Svetovi potreb",
        "parent": ""
      }
    ],
    "position": 334,
    "tracking_payload": {
      "searchTrackingMasterId": "Product.10082237",
      "searchTrackingTitle": "Tradicionalni+kefir",
      "searchTrackingPageSize": 100,
      "searchTrackingPage": 4,
      "searchTrackingEvent": "click",
      "list": "search",
      "searchTrackingId": "Product.10082237",
      "searchTrackingOrigPos": 1,
      "searchTrackingPos": 334,
      "searchTrackingOrigPageSize": 100,
      "searchTrackingChannel": "SI",
      "category": "Food"
    }
  },
  {
    "code": "10082239",
    "name": "Smetana za stepanje",
    "url": "",
    "result_class": "product",
    "type": "product",
    "product_id": 10082239,
    "erp_number": "10082239",
    "item_id": 10082239,
    "full_title": "PILOS Smetana za stepanje",
    "title": "Smetana za stepanje",
    "category": "Food",
    "product_type": "RETAIL",
    "age_restriction": false,
    "is_used_product": false,
    "multipack": false,
    "online": false,
    "store": true,
    "quick_add_to_cart": false,
    "flash_sales": false,
    "having_videos": false,
    "having_threesixty": false,
    "price": null,
    "old_price": null,
    "currency_code": "EUR",
    "currency_symbol": "€",
    "has_star": true,
    "has_vat": false,
    "price_theme": null,
    "variants_have_different_prices": false,
    "base_price_text": null,
    "base_price_prefix": null,
    "packaging_text": null,
    "discount_deleted_price": null,
    "discount_text": null,
    "discount_percentage": null,
    "discount_has_star": null,
    "show_discount": null,
    "show_percentage": null,
    "from_recommended_price": null,
    "availability_indicator": 0,
    "online_available": false,
    "min_orderable_quantity": 1,
    "orderable_quantities": [],
    "badge_texts": [
      "V trgovini od 07.07. do 09.07."
    ],
    "badge_types": [
      "IN_STORE_TODAY_DATE_RANGE"
    ],
    "main_image": "https://imgproxy-retcat.assets.schwarz/aCtLiKeX3SwpcZg-QmDTQrN_lBBZRMPPT0zbpuVyVFo/sm:1/w:427/h:320/cz/M6Ly9wcm9kLWNhd/GFsb2ctbWVkaWEvc2kvMS9DRTUzNTZFRjlBMDE2NDU4OTMzMEJBNDI/xRjc3OENEM0ZDNDNBMkE5N0Q4QjQyRTg0MDM1RDQ2MjNENUVCMDg2LmpwZw.jpg",
    "image_list": [
      "https://imgproxy-retcat.assets.schwarz/aCtLiKeX3SwpcZg-QmDTQrN_lBBZRMPPT0zbpuVyVFo/sm:1/w:427/h:320/cz/M6Ly9wcm9kLWNhd/GFsb2ctbWVkaWEvc2kvMS9DRTUzNTZFRjlBMDE2NDU4OTMzMEJBNDI/xRjc3OENEM0ZDNDNBMkE5N0Q4QjQyRTg0MDM1RDQ2MjNENUVCMDg2LmpwZw.jpg"
    ],
    "image_accessibility": "Plas Whipping Cream 30%, 200 ml embalaža.",
    "detailed_images": [
      {
        "url": "https://imgproxy-retcat.assets.schwarz/aCtLiKeX3SwpcZg-QmDTQrN_lBBZRMPPT0zbpuVyVFo/sm:1/w:427/h:320/cz/M6Ly9wcm9kLWNhd/GFsb2ctbWVkaWEvc2kvMS9DRTUzNTZFRjlBMDE2NDU4OTMzMEJBNDI/xRjc3OENEM0ZDNDNBMkE5N0Q4QjQyRTg0MDM1RDQ2MjNENUVCMDg2LmpwZw.jpg",
        "accessibility": "Plas Whipping Cream 30%, 200 ml embalaža."
      }
    ],
    "analytics_category": "Food",
    "more_details": "Dodatne podrobnosti o izdelku",
    "won_category_primary": "Svetovi potreb/Hrana in bližnja hrana/Sir in mlečni izdelki (vključno z maslom in sirom)",
    "won_category_primary_path": "0/17/1718",
    "canonical_path": "/p/pilos-smetana-za-stepanje/p10082239",
    "canonical_url": "/p/pilos-smetana-za-stepanje/p10082239",
    "awards": [],
    "seals": [
      {
        "altText": "Logotip Lidl Plus",
        "image": "https://imgproxy-retcat.assets.schwarz/DjNLhjIEpHeUFO-WYf3wploAS16YAf6tVgt5EMshyFs/sm:1/w:140/cz/M6Ly9wcm9kLWNhd/GFsb2ctbWVkaWEvc2kvMi9BMEU2QkJCNEZCQTZENzlEQ0MzRDRFOEM/2REREODBCRjMwQUNFQjJBMDBGREI4RjI1M0Y3MDYzOTFFMTg3RUVGLnBuZw.png"
      }
    ],
    "ribbons": [],
    "highlighted_seals": 0,
    "lidl_plus": [
      {
        "price": {
          "basePrice": {
            "prefix": false,
            "text": "1 kg = 3.45"
          },
          "discount": {
            "deletedPrice": 0.99,
            "discountHasStar": false,
            "discountText": "- 30 %",
            "fromRecommendedPrice": false,
            "showDiscount": true,
            "showFrom": false,
            "showPercentage": true,
            "showUpTo": false
          },
          "displayedCurrency": "€",
          "hasStar": true,
          "hasVat": false,
          "oldPrice": 0.99,
          "packaging": {
            "text": "200 g"
          },
          "price": 0.69,
          "priceTheme": "red_yellow",
          "specialTaxes": []
        },
        "lidlPlusText": "z Lidl Plus",
        "highlightText": "- 30 %"
      }
    ],
    "regions": [],
    "ians": [
      "2101"
    ],
    "show_brand": true,
    "deal_of_day_active": false,
    "full_title_meta": "PILOS Smetana za stepanje",
    "lists": [
      4986
    ],
    "preview": false,
    "category_breadcrumbs": [
      {
        "id": "10068374",
        "name": "Hrana in pijača",
        "url": "/c/hrana-in-pijaca/s10068374",
        "hidden": false
      },
      {
        "id": "10071017",
        "name": " Sir &  Mlečni izdelki",
        "url": "/h/sir-mlecni-izdelki/h10071017",
        "hidden": false
      }
    ],
    "campaigns": [
      {
        "id": "Current_Sales_Week",
        "name": "Ta teden",
        "url": null,
        "hidden": false
      },
      {
        "id": "10024188",
        "name": "Lidl Plus",
        "url": "/c/lidl-plus/a10024188",
        "hidden": false
      }
    ],
    "world_of_needs_code": "1718",
    "world_of_needs_name": "Sir in mlečni izdelki (vključno z maslom in sirom)",
    "world_of_needs_parent": "17",
    "is_main_category": true,
    "super_categories": [
      {
        "code": "17",
        "name": "Hrana in bližnja hrana",
        "parent": "0"
      },
      {
        "code": "0",
        "name": "Svetovi potreb",
        "parent": ""
      }
    ],
    "position": 335,
    "tracking_payload": {
      "searchTrackingMasterId": "Product.10082239",
      "searchTrackingTitle": "Smetana+za+stepanje",
      "searchTrackingPageSize": 100,
      "searchTrackingPage": 4,
      "searchTrackingEvent": "click",
      "list": "search",
      "searchTrackingId": "Product.10082239",
      "searchTrackingOrigPos": 1,
      "searchTrackingPos": 335,
      "searchTrackingOrigPageSize": 100,
      "searchTrackingChannel": "SI",
      "category": "Food"
    }
  },
  {
    "code": "10082247",
    "name": "Sveže perutninske pleskavice s sirom",
    "url": "",
    "result_class": "product",
    "type": "product",
    "product_id": 10082247,
    "erp_number": "10082247",
    "item_id": 10082247,
    "full_title": "ŽAR LEGENDE Sveže perutninske pleskavice s sirom",
    "title": "Sveže perutninske pleskavice s sirom",
    "category": "Food",
    "product_type": "RETAIL",
    "age_restriction": false,
    "is_used_product": false,
    "multipack": false,
    "online": false,
    "store": true,
    "quick_add_to_cart": false,
    "flash_sales": false,
    "having_videos": false,
    "having_threesixty": false,
    "price": 2.79,
    "old_price": 0.0,
    "currency_code": "EUR",
    "currency_symbol": "€",
    "has_star": true,
    "has_vat": false,
    "price_theme": "white_red",
    "variants_have_different_prices": false,
    "base_price_text": "1 kg = 6.98",
    "base_price_prefix": false,
    "packaging_text": "400 g",
    "discount_deleted_price": null,
    "discount_text": "ZGRABITE PRILOŽNOST!",
    "discount_percentage": null,
    "discount_has_star": false,
    "show_discount": false,
    "show_percentage": false,
    "from_recommended_price": false,
    "availability_indicator": 0,
    "online_available": false,
    "min_orderable_quantity": 1,
    "orderable_quantities": [],
    "badge_texts": [
      "V trgovini od 07.07. do 09.07."
    ],
    "badge_types": [
      "IN_STORE_TODAY_DATE_RANGE"
    ],
    "main_image": "https://imgproxy-retcat.assets.schwarz/hc_Mhgu4Tr1NYl4MptVOt74uutAh_e2IofjVLL7L8mk/sm:1/w:427/h:320/cz/M6Ly9wcm9kLWNhd/GFsb2ctbWVkaWEvc2kvMS82NUMxMjcxNTk5MTk1OUY2NjZENUU5RUI/yMDJDQjNGNUYxQ0Y4RTI0NDlBMjNGNkM2RkRGMDBBMThCNDc4OENCLmpwZw.jpg",
    "image_list": [
      "https://imgproxy-retcat.assets.schwarz/hc_Mhgu4Tr1NYl4MptVOt74uutAh_e2IofjVLL7L8mk/sm:1/w:427/h:320/cz/M6Ly9wcm9kLWNhd/GFsb2ctbWVkaWEvc2kvMS82NUMxMjcxNTk5MTk1OUY2NjZENUU5RUI/yMDJDQjNGNUYxQ0Y4RTI0NDlBMjNGNkM2RkRGMDBBMThCNDc4OENCLmpwZw.jpg"
    ],
    "image_accessibility": "Pakirana goveje pljeskavica Alpe Adria na vroči ponvi.",
    "detailed_images": [
      {
        "url": "https://imgproxy-retcat.assets.schwarz/hc_Mhgu4Tr1NYl4MptVOt74uutAh_e2IofjVLL7L8mk/sm:1/w:427/h:320/cz/M6Ly9wcm9kLWNhd/GFsb2ctbWVkaWEvc2kvMS82NUMxMjcxNTk5MTk1OUY2NjZENUU5RUI/yMDJDQjNGNUYxQ0Y4RTI0NDlBMjNGNkM2RkRGMDBBMThCNDc4OENCLmpwZw.jpg",
        "accessibility": "Pakirana goveje pljeskavica Alpe Adria na vroči ponvi."
      }
    ],
    "analytics_category": "Food",
    "more_details": "Dodatne podrobnosti o izdelku",
    "won_category_primary": "Svetovi potreb/Hrana in bližnja hrana/Klobase in meso",
    "won_category_primary_path": "0/17/1717",
    "canonical_path": "/p/zar-legende-sveze-perutninske-pleskavice-s-sirom/p10082247",
    "canonical_url": "/p/zar-legende-sveze-perutninske-pleskavice-s-sirom/p10082247",
    "awards": [],
    "seals": [
      {
        "altText": "Slovenski izdelek",
        "image": "https://imgproxy-retcat.assets.schwarz/065GlWscfuyzRNlqdEjgEaZNE6893872XSglFaanlJA/sm:1/w:140/cz/M6Ly9wcm9kLWNhd/GFsb2ctbWVkaWEvc2kvMi83RTk4NkYyRDk1MTlDRUJBNzA1N0JGMzA/1QjA1NjUyRjVCMjMzNzZGRjY4MzVEREFGQzIwQzE5NDVFQUE5M0RCLnBuZw.png"
      }
    ],
    "ribbons": [],
    "highlighted_seals": 0,
    "lidl_plus": [],
    "regions": [],
    "ians": [
      "7300414"
    ],
    "show_brand": true,
    "deal_of_day_active": false,
    "full_title_meta": "ŽAR LEGENDE Sveže perutninske pleskavice s sirom",
    "lists": [
      4986
    ],
    "preview": false,
    "category_breadcrumbs": [
      {
        "id": "10068374",
        "name": "Hrana in pijača",
        "url": "/c/hrana-in-pijaca/s10068374",
        "hidden": false
      },
      {
        "id": "10071016",
        "name": "Meso in mesni izdelki",
        "url": "/h/meso-in-mesni-izdelki/h10071016",
        "hidden": false
      }
    ],
    "campaigns": [
      {
        "id": "Current_Sales_Week",
        "name": "Ta teden",
        "url": null,
        "hidden": false
      },
      {
        "id": "10074822",
        "name": "Tvoja Lidl cena",
        "url": "/c/tvoja-lidl-cena/a10074822",
        "hidden": false
      }
    ],
    "world_of_needs_code": "1717",
    "world_of_needs_name": "Klobase in meso",
    "world_of_needs_parent": "17",
    "is_main_category": true,
    "super_categories": [
      {
        "code": "17",
        "name": "Hrana in bližnja hrana",
        "parent": "0"
      },
      {
        "code": "0",
        "name": "Svetovi potreb",
        "parent": ""
      }
    ],
    "position": 336,
    "tracking_payload": {
      "searchTrackingMasterId": "Product.10082247",
      "searchTrackingTitle": "Sve%C5%BEe+perutninske+pleskavice+s+sirom",
      "searchTrackingPageSize": 100,
      "searchTrackingPage": 4,
      "searchTrackingEvent": "click",
      "list": "search",
      "searchTrackingId": "Product.10082247",
      "searchTrackingOrigPos": 1,
      "searchTrackingPos": 336,
      "searchTrackingOrigPageSize": 100,
      "searchTrackingChannel": "SI",
      "category": "Food"
    }
  },
  {
    "code": "10082249",
    "name": "Sončnična semena",
    "url": "",
    "result_class": "product",
    "type": "product",
    "product_id": 10082249,
    "erp_number": "10082249",
    "item_id": 10082249,
    "full_title": "SOL&MAR Sončnična semena",
    "title": "Sončnična semena",
    "category": "Food",
    "product_type": "RETAIL",
    "age_restriction": false,
    "is_used_product": false,
    "multipack": false,
    "online": false,
    "store": true,
    "quick_add_to_cart": false,
    "flash_sales": false,
    "having_videos": false,
    "having_threesixty": false,
    "price": 0.69,
    "old_price": 0.0,
    "currency_code": "EUR",
    "currency_symbol": "€",
    "has_star": true,
    "has_vat": false,
    "price_theme": "white_red",
    "variants_have_different_prices": false,
    "base_price_text": "1 kg = 5.31",
    "base_price_prefix": false,
    "packaging_text": "130 g",
    "discount_deleted_price": null,
    "discount_text": null,
    "discount_percentage": null,
    "discount_has_star": null,
    "show_discount": null,
    "show_percentage": null,
    "from_recommended_price": null,
    "availability_indicator": 0,
    "online_available": false,
    "min_orderable_quantity": 1,
    "orderable_quantities": [],
    "badge_texts": [
      "V trgovini od 07.07."
    ],
    "badge_types": [
      "IN_STORE_FROM_DATE_TODAY"
    ],
    "main_image": "https://imgproxy-retcat.assets.schwarz/wdgZqISDjUosbCuz9XGJkRATOYg83-g0So5_jvtbb_A/sm:1/w:427/h:320/cz/M6Ly9wcm9kLWNhd/GFsb2ctbWVkaWEvc2kvMS85NzY1QjM2MzU0QkY0NzQxNDEwMzBERUQ/zQkJENzRBQzE4RDk0NTg0MEMxRUNDNjk2ODUzQTgzQTA5MkIwNEJCLmpwZw.jpg",
    "image_list": [
      "https://imgproxy-retcat.assets.schwarz/wdgZqISDjUosbCuz9XGJkRATOYg83-g0So5_jvtbb_A/sm:1/w:427/h:320/cz/M6Ly9wcm9kLWNhd/GFsb2ctbWVkaWEvc2kvMS85NzY1QjM2MzU0QkY0NzQxNDEwMzBERUQ/zQkJENzRBQzE4RDk0NTg0MEMxRUNDNjk2ODUzQTgzQTA5MkIwNEJCLmpwZw.jpg"
    ],
    "image_accessibility": "Pakiranje sončničnih semen blagovne znamke Balma.",
    "detailed_images": [
      {
        "url": "https://imgproxy-retcat.assets.schwarz/wdgZqISDjUosbCuz9XGJkRATOYg83-g0So5_jvtbb_A/sm:1/w:427/h:320/cz/M6Ly9wcm9kLWNhd/GFsb2ctbWVkaWEvc2kvMS85NzY1QjM2MzU0QkY0NzQxNDEwMzBERUQ/zQkJENzRBQzE4RDk0NTg0MEMxRUNDNjk2ODUzQTgzQTA5MkIwNEJCLmpwZw.jpg",
        "accessibility": "Pakiranje sončničnih semen blagovne znamke Balma."
      }
    ],
    "analytics_category": "Food",
    "more_details": "Dodatne podrobnosti o izdelku",
    "won_category_primary": "Svetovi potreb/Hrana in bližnja hrana/Prigrizki in slaščice",
    "won_category_primary_path": "0/17/1721",
    "canonical_path": "/p/sol-mar-soncnicna-semena/p10082249",
    "canonical_url": "/p/sol-mar-soncnicna-semena/p10082249",
    "awards": [],
    "seals": [],
    "ribbons": [],
    "highlighted_seals": 0,
    "lidl_plus": [],
    "regions": [],
    "ians": [
      "157365"
    ],
    "show_brand": true,
    "deal_of_day_active": false,
    "full_title_meta": "SOL&MAR Sončnična semena",
    "lists": [
      4986
    ],
    "preview": false,
    "category_breadcrumbs": [
      {
        "id": "10068374",
        "name": "Hrana in pijača",
        "url": "/c/hrana-in-pijaca/s10068374",
        "hidden": false
      },
      {
        "id": "10071044",
        "name": "Prigrizki in sladkarije",
        "url": "/h/prigrizki-in-sladkarije/h10071044",
        "hidden": false
      }
    ],
    "campaigns": [
      {
        "id": "Current_Sales_Week",
        "name": "Ta teden",
        "url": null,
        "hidden": false
      },
      {
        "id": "10074825",
        "name": "Navdih iberksega polotoka",
        "url": "/c/navdih-iberksega-polotoka/a10074825",
        "hidden": false
      }
    ],
    "world_of_needs_code": "1721",
    "world_of_needs_name": "Prigrizki in slaščice",
    "world_of_needs_parent": "17",
    "is_main_category": true,
    "super_categories": [
      {
        "code": "17",
        "name": "Hrana in bližnja hrana",
        "parent": "0"
      },
      {
        "code": "0",
        "name": "Svetovi potreb",
        "parent": ""
      }
    ],
    "position": 337,
    "tracking_payload": {
      "searchTrackingMasterId": "Product.10082249",
      "searchTrackingTitle": "Son%C4%8Dni%C4%8Dna+semena",
      "searchTrackingPageSize": 100,
      "searchTrackingPage": 4,
      "searchTrackingEvent": "click",
      "list": "search",
      "searchTrackingId": "Product.10082249",
      "searchTrackingOrigPos": 1,
      "searchTrackingPos": 337,
      "searchTrackingOrigPageSize": 100,
      "searchTrackingChannel": "SI",
      "category": "Food"
    }
  },
  {
    "code": "10082251",
    "name": "Čips na španski način",
    "url": "",
    "result_class": "product",
    "type": "product",
    "product_id": 10082251,
    "erp_number": "10082251",
    "item_id": 10082251,
    "full_title": "SOL&MAR Čips na španski način",
    "title": "Čips na španski način",
    "category": "Food",
    "product_type": "RETAIL",
    "age_restriction": false,
    "is_used_product": false,
    "multipack": false,
    "online": false,
    "store": true,
    "quick_add_to_cart": false,
    "flash_sales": false,
    "having_videos": false,
    "having_threesixty": false,
    "price": 1.69,
    "old_price": 0.0,
    "currency_code": "EUR",
    "currency_symbol": "€",
    "has_star": true,
    "has_vat": false,
    "price_theme": "white_red",
    "variants_have_different_prices": false,
    "base_price_text": "1 kg = 8.45",
    "base_price_prefix": false,
    "packaging_text": "200 g",
    "discount_deleted_price": null,
    "discount_text": null,
    "discount_percentage": null,
    "discount_has_star": null,
    "show_discount": null,
    "show_percentage": null,
    "from_recommended_price": null,
    "availability_indicator": 0,
    "online_available": false,
    "min_orderable_quantity": 1,
    "orderable_quantities": [],
    "badge_texts": [
      "V trgovini od 07.07."
    ],
    "badge_types": [
      "IN_STORE_FROM_DATE_TODAY"
    ],
    "main_image": "https://imgproxy-retcat.assets.schwarz/pz1B3CG5Tz6XxecHFaF1zN5g9y7ZiVsHkjhHyQbo5Z8/sm:1/w:427/h:320/cz/M6Ly9wcm9kLWNhd/GFsb2ctbWVkaWEvc2kvMS80RDVERDUzRTYyMTJGQjQzRUFDQzQ4OTl/EQkZGQkREREI5N0M2M0JEQ0MwREJGMkFDMzdEOUMxMjlEQjNEOTUxLmpwZw.jpg",
    "image_list": [
      "https://imgproxy-retcat.assets.schwarz/pz1B3CG5Tz6XxecHFaF1zN5g9y7ZiVsHkjhHyQbo5Z8/sm:1/w:427/h:320/cz/M6Ly9wcm9kLWNhd/GFsb2ctbWVkaWEvc2kvMS80RDVERDUzRTYyMTJGQjQzRUFDQzQ4OTl/EQkZGQkREREI5N0M2M0JEQ0MwREJGMkFDMzdEOUMxMjlEQjNEOTUxLmpwZw.jpg",
      "https://imgproxy-retcat.assets.schwarz/95xm24P57PzgrtAf3gA3Ot5jT0O2_qJL4QkXEj14gCQ/sm:1/w:427/h:320/cz/M6Ly9wcm9kLWNhd/GFsb2ctbWVkaWEvc2kvMS81M0E2Q0Y5OERGNkQzMjJFNEIxMTY1QjF/FMDJFNThEMkE4RjkzMDQ4NzQ3NkIyQjJCQkNBRThCOEM2RTgyN0U5LmpwZw.jpg",
      "https://imgproxy-retcat.assets.schwarz/gBvqR1KhVfxRpz3-CkaQEOm4cw7TF4a8BLC9ZnWUDn8/sm:1/w:427/h:320/cz/M6Ly9wcm9kLWNhd/GFsb2ctbWVkaWEvc2kvMS9DRjkwMUFFOTIzRkNBQzAzNUJGQUIxNTJ/GN0I1Nzk3NkJEOTNCMEZENjlCRDI4RUI1NTlENTlCMDA5MTg5MkI2LmpwZw.jpg"
    ],
    "image_accessibility": "Dve vrečki čipsa KG, okus paprika in čili ter okus zeleni čebula.",
    "detailed_images": [
      {
        "url": "https://imgproxy-retcat.assets.schwarz/pz1B3CG5Tz6XxecHFaF1zN5g9y7ZiVsHkjhHyQbo5Z8/sm:1/w:427/h:320/cz/M6Ly9wcm9kLWNhd/GFsb2ctbWVkaWEvc2kvMS80RDVERDUzRTYyMTJGQjQzRUFDQzQ4OTl/EQkZGQkREREI5N0M2M0JEQ0MwREJGMkFDMzdEOUMxMjlEQjNEOTUxLmpwZw.jpg",
        "accessibility": "Dve vrečki čipsa KG, okus paprika in čili ter okus zeleni čebula."
      },
      {
        "url": "https://imgproxy-retcat.assets.schwarz/95xm24P57PzgrtAf3gA3Ot5jT0O2_qJL4QkXEj14gCQ/sm:1/w:427/h:320/cz/M6Ly9wcm9kLWNhd/GFsb2ctbWVkaWEvc2kvMS81M0E2Q0Y5OERGNkQzMjJFNEIxMTY1QjF/FMDJFNThEMkE4RjkzMDQ4NzQ3NkIyQjJCQkNBRThCOEM2RTgyN0U5LmpwZw.jpg",
        "accessibility": "Vrečka Lay's čipsov s pikantnim okusom."
      },
      {
        "url": "https://imgproxy-retcat.assets.schwarz/gBvqR1KhVfxRpz3-CkaQEOm4cw7TF4a8BLC9ZnWUDn8/sm:1/w:427/h:320/cz/M6Ly9wcm9kLWNhd/GFsb2ctbWVkaWEvc2kvMS9DRjkwMUFFOTIzRkNBQzAzNUJGQUIxNTJ/GN0I1Nzk3NkJEOTNCMEZENjlCRDI4RUI1NTlENTlCMDA5MTg5MkI2LmpwZw.jpg",
        "accessibility": "Paket čipsov Ja!M! s pikantnim okusom."
      }
    ],
    "analytics_category": "Food",
    "more_details": "Dodatne podrobnosti o izdelku",
    "won_category_primary": "Svetovi potreb/Hrana in bližnja hrana/Prigrizki in slaščice",
    "won_category_primary_path": "0/17/1721",
    "canonical_path": "/p/sol-mar-cips-na-spanski-nacin/p10082251",
    "canonical_url": "/p/sol-mar-cips-na-spanski-nacin/p10082251",
    "awards": [],
    "seals": [],
    "ribbons": [],
    "highlighted_seals": 0,
    "lidl_plus": [],
    "regions": [],
    "ians": [
      "95462"
    ],
    "show_brand": true,
    "deal_of_day_active": false,
    "full_title_meta": "SOL&MAR Čips na španski način",
    "lists": [
      4986
    ],
    "preview": false,
    "category_breadcrumbs": [
      {
        "id": "10068374",
        "name": "Hrana in pijača",
        "url": "/c/hrana-in-pijaca/s10068374",
        "hidden": false
      },
      {
        "id": "10071044",
        "name": "Prigrizki in sladkarije",
        "url": "/h/prigrizki-in-sladkarije/h10071044",
        "hidden": false
      }
    ],
    "campaigns": [
      {
        "id": "Current_Sales_Week",
        "name": "Ta teden",
        "url": null,
        "hidden": false
      },
      {
        "id": "10074825",
        "name": "Navdih iberksega polotoka",
        "url": "/c/navdih-iberksega-polotoka/a10074825",
        "hidden": false
      }
    ],
    "world_of_needs_code": "1721",
    "world_of_needs_name": "Prigrizki in slaščice",
    "world_of_needs_parent": "17",
    "is_main_category": true,
    "super_categories": [
      {
        "code": "17",
        "name": "Hrana in bližnja hrana",
        "parent": "0"
      },
      {
        "code": "0",
        "name": "Svetovi potreb",
        "parent": ""
      }
    ],
    "position": 338,
    "tracking_payload": {
      "searchTrackingMasterId": "Product.10082251",
      "searchTrackingTitle": "%C4%8Cips+na+%C5%A1panski+na%C4%8Din",
      "searchTrackingPageSize": 100,
      "searchTrackingPage": 4,
      "searchTrackingEvent": "click",
      "list": "search",
      "searchTrackingId": "Product.10082251",
      "searchTrackingOrigPos": 1,
      "searchTrackingPos": 338,
      "searchTrackingOrigPageSize": 100,
      "searchTrackingChannel": "SI",
      "category": "Food"
    }
  },
  {
    "code": "10082255",
    "name": "Puding s piškotom",
    "url": "",
    "result_class": "product",
    "type": "product",
    "product_id": 10082255,
    "erp_number": "10082255",
    "item_id": 10082255,
    "full_title": "SOL&MAR Puding s piškotom",
    "title": "Puding s piškotom",
    "category": "Food",
    "product_type": "RETAIL",
    "age_restriction": false,
    "is_used_product": false,
    "multipack": false,
    "online": false,
    "store": true,
    "quick_add_to_cart": false,
    "flash_sales": false,
    "having_videos": false,
    "having_threesixty": false,
    "price": 1.49,
    "old_price": 0.0,
    "currency_code": "EUR",
    "currency_symbol": "€",
    "has_star": true,
    "has_vat": false,
    "price_theme": "white_red",
    "variants_have_different_prices": false,
    "base_price_text": "1 kg = 2.98",
    "base_price_prefix": false,
    "packaging_text": "500 g (4 x 125g)",
    "discount_deleted_price": null,
    "discount_text": null,
    "discount_percentage": null,
    "discount_has_star": null,
    "show_discount": null,
    "show_percentage": null,
    "from_recommended_price": null,
    "availability_indicator": 0,
    "online_available": false,
    "min_orderable_quantity": 1,
    "orderable_quantities": [],
    "badge_texts": [
      "V trgovini od 07.07."
    ],
    "badge_types": [
      "IN_STORE_FROM_DATE_TODAY"
    ],
    "main_image": "https://imgproxy-retcat.assets.schwarz/JJ0luV58K7oFxJmZGPemlf3K1xEyPz6T4ljf9CNgF7g/sm:1/w:427/h:320/cz/M6Ly9wcm9kLWNhd/GFsb2ctbWVkaWEvc2kvMS85RjJBQUUxRkRDQzBGQkMxMTczMjk2NDd/CRjBGNkU0MjBBODFDNEIyNDI2NjY3NTA4RjIyNTU5QzY2NDQxRkIzLmpwZw.jpg",
    "image_list": [
      "https://imgproxy-retcat.assets.schwarz/JJ0luV58K7oFxJmZGPemlf3K1xEyPz6T4ljf9CNgF7g/sm:1/w:427/h:320/cz/M6Ly9wcm9kLWNhd/GFsb2ctbWVkaWEvc2kvMS85RjJBQUUxRkRDQzBGQkMxMTczMjk2NDd/CRjBGNkU0MjBBODFDNEIyNDI2NjY3NTA4RjIyNTU5QzY2NDQxRkIzLmpwZw.jpg"
    ],
    "image_accessibility": "Pakiranje paštete za pse Andalusian s kruhom.",
    "detailed_images": [
      {
        "url": "https://imgproxy-retcat.assets.schwarz/JJ0luV58K7oFxJmZGPemlf3K1xEyPz6T4ljf9CNgF7g/sm:1/w:427/h:320/cz/M6Ly9wcm9kLWNhd/GFsb2ctbWVkaWEvc2kvMS85RjJBQUUxRkRDQzBGQkMxMTczMjk2NDd/CRjBGNkU0MjBBODFDNEIyNDI2NjY3NTA4RjIyNTU5QzY2NDQxRkIzLmpwZw.jpg",
        "accessibility": "Pakiranje paštete za pse Andalusian s kruhom."
      }
    ],
    "analytics_category": "Food",
    "more_details": "Dodatne podrobnosti o izdelku",
    "won_category_primary": "Svetovi potreb/Hrana in bližnja hrana/Prigrizki in slaščice",
    "won_category_primary_path": "0/17/1721",
    "canonical_path": "/p/sol-mar-puding-s-piskotom/p10082255",
    "canonical_url": "/p/sol-mar-puding-s-piskotom/p10082255",
    "awards": [],
    "seals": [
      {
        "altText": "Nalepka: Hlajeno",
        "image": "https://imgproxy-retcat.assets.schwarz/7x3Iby7aD19hFySDnP2YoXt7E1r0JrvJVj0QO1gUOes/sm:1/w:140/cz/M6Ly9wcm9kLWNhd/GFsb2ctbWVkaWEvc2kvMi8xMzFBN0E2RDlCREZGREQxOEE2OTFDNEZ/FNDE5RTM0QUMxQjY4OEQ0OUY2QTAxMTRDRjQ1RjdCNTNDRjM2NUJBLnBuZw.png"
      }
    ],
    "ribbons": [],
    "highlighted_seals": 0,
    "lidl_plus": [],
    "regions": [],
    "ians": [
      "5700100"
    ],
    "show_brand": true,
    "deal_of_day_active": false,
    "full_title_meta": "SOL&MAR Puding s piškotom",
    "lists": [
      4986
    ],
    "preview": false,
    "category_breadcrumbs": [
      {
        "id": "10068374",
        "name": "Hrana in pijača",
        "url": "/c/hrana-in-pijaca/s10068374",
        "hidden": false
      },
      {
        "id": "10071044",
        "name": "Prigrizki in sladkarije",
        "url": "/h/prigrizki-in-sladkarije/h10071044",
        "hidden": false
      }
    ],
    "campaigns": [
      {
        "id": "Current_Sales_Week",
        "name": "Ta teden",
        "url": null,
        "hidden": false
      },
      {
        "id": "10074825",
        "name": "Navdih iberksega polotoka",
        "url": "/c/navdih-iberksega-polotoka/a10074825",
        "hidden": false
      }
    ],
    "world_of_needs_code": "1721",
    "world_of_needs_name": "Prigrizki in slaščice",
    "world_of_needs_parent": "17",
    "is_main_category": true,
    "super_categories": [
      {
        "code": "17",
        "name": "Hrana in bližnja hrana",
        "parent": "0"
      },
      {
        "code": "0",
        "name": "Svetovi potreb",
        "parent": ""
      }
    ],
    "position": 339,
    "tracking_payload": {
      "searchTrackingMasterId": "Product.10082255",
      "searchTrackingTitle": "Puding+s+pi%C5%A1kotom",
      "searchTrackingPageSize": 100,
      "searchTrackingPage": 4,
      "searchTrackingEvent": "click",
      "list": "search",
      "searchTrackingId": "Product.10082255",
      "searchTrackingOrigPos": 1,
      "searchTrackingPos": 339,
      "searchTrackingOrigPageSize": 100,
      "searchTrackingChannel": "SI",
      "category": "Food"
    }
  },
  {
    "code": "10082257",
    "name": "Španski kremni jogurt",
    "url": "",
    "result_class": "product",
    "type": "product",
    "product_id": 10082257,
    "erp_number": "10082257",
    "item_id": 10082257,
    "full_title": "SOL&MAR Španski kremni jogurt",
    "title": "Španski kremni jogurt",
    "category": "Food",
    "product_type": "RETAIL",
    "age_restriction": false,
    "is_used_product": false,
    "multipack": false,
    "online": false,
    "store": true,
    "quick_add_to_cart": false,
    "flash_sales": false,
    "having_videos": false,
    "having_threesixty": false,
    "price": 0.89,
    "old_price": 0.0,
    "currency_code": "EUR",
    "currency_symbol": "€",
    "has_star": true,
    "has_vat": false,
    "price_theme": "white_red",
    "variants_have_different_prices": false,
    "base_price_text": "1 kg = 6.59",
    "base_price_prefix": false,
    "packaging_text": "135 g",
    "discount_deleted_price": null,
    "discount_text": "ZGRABITE PRILOŽNOST!",
    "discount_percentage": null,
    "discount_has_star": false,
    "show_discount": false,
    "show_percentage": false,
    "from_recommended_price": false,
    "availability_indicator": 0,
    "online_available": false,
    "min_orderable_quantity": 1,
    "orderable_quantities": [],
    "badge_texts": [
      "V trgovini od 07.07."
    ],
    "badge_types": [
      "IN_STORE_FROM_DATE_TODAY"
    ],
    "main_image": "https://imgproxy-retcat.assets.schwarz/NqDoEIIMbbGF1z47F6c63VWr8SCrD53PWwJK0stLsVM/sm:1/w:427/h:320/cz/M6Ly9wcm9kLWNhd/GFsb2ctbWVkaWEvc2kvMS82NzYwMTk5NTc4QjQyQjA3MzYxNTUzMTg/wODMzOEEzNzg3MEIyNkY4REE0NjRBOEFEMjVGNUU4MDRFNUREODRCLmpwZw.jpg",
    "image_list": [
      "https://imgproxy-retcat.assets.schwarz/NqDoEIIMbbGF1z47F6c63VWr8SCrD53PWwJK0stLsVM/sm:1/w:427/h:320/cz/M6Ly9wcm9kLWNhd/GFsb2ctbWVkaWEvc2kvMS82NzYwMTk5NTc4QjQyQjA3MzYxNTUzMTg/wODMzOEEzNzg3MEIyNkY4REE0NjRBOEFEMjVGNUU4MDRFNUREODRCLmpwZw.jpg",
      "https://imgproxy-retcat.assets.schwarz/Q1uRl_AI_GHB0eN9zwgexmcFEnnsEnoP-LcBmf6IFcY/sm:1/w:427/h:320/cz/M6Ly9wcm9kLWNhd/GFsb2ctbWVkaWEvc2kvMS84Mzc3OEQ0NjI0NDIyQUEzOEVCQTRGNTY/zMzNBNDk4NEE5MDI3OTIxRDNGNTA4MjVCNTlGRERGNEU3NUVDNDQyLmpwZw.jpg",
      "https://imgproxy-retcat.assets.schwarz/N5dHhSA9Fz2H3xeuRBdw_cewQ-2z0Q4bHKIXldQxwXc/sm:1/w:427/h:320/cz/M6Ly9wcm9kLWNhd/GFsb2ctbWVkaWEvc2kvMS8zQjlDQkRFQTUwOTFDOUZCNEM2OEQyNjc/0OTJGREEwQUNBRDA4REFERTEwRTFBRjlBQzFGNTk1Mjk2RDJGNjA5LmpwZw.jpg"
    ],
    "image_accessibility": "Dva lončka sladice La Nucia, marelična in breskova.",
    "detailed_images": [
      {
        "url": "https://imgproxy-retcat.assets.schwarz/NqDoEIIMbbGF1z47F6c63VWr8SCrD53PWwJK0stLsVM/sm:1/w:427/h:320/cz/M6Ly9wcm9kLWNhd/GFsb2ctbWVkaWEvc2kvMS82NzYwMTk5NTc4QjQyQjA3MzYxNTUzMTg/wODMzOEEzNzg3MEIyNkY4REE0NjRBOEFEMjVGNUU4MDRFNUREODRCLmpwZw.jpg",
        "accessibility": "Dva lončka sladice La Nucia, marelična in breskova."
      },
      {
        "url": "https://imgproxy-retcat.assets.schwarz/Q1uRl_AI_GHB0eN9zwgexmcFEnnsEnoP-LcBmf6IFcY/sm:1/w:427/h:320/cz/M6Ly9wcm9kLWNhd/GFsb2ctbWVkaWEvc2kvMS84Mzc3OEQ0NjI0NDIyQUEzOEVCQTRGNTY/zMzNBNDk4NEE5MDI3OTIxRDNGNTA4MjVCNTlGRERGNEU3NUVDNDQyLmpwZw.jpg",
        "accessibility": "Jogurt SoMa s mareličnim nadevom (115g)."
      },
      {
        "url": "https://imgproxy-retcat.assets.schwarz/N5dHhSA9Fz2H3xeuRBdw_cewQ-2z0Q4bHKIXldQxwXc/sm:1/w:427/h:320/cz/M6Ly9wcm9kLWNhd/GFsb2ctbWVkaWEvc2kvMS8zQjlDQkRFQTUwOTFDOUZCNEM2OEQyNjc/0OTJGREEwQUNBRDA4REFERTEwRTFBRjlBQzFGNTk1Mjk2RDJGNjA5LmpwZw.jpg",
        "accessibility": "Sol Mir marmelada z okusom pomaranče, 135 g."
      }
    ],
    "analytics_category": "Food",
    "more_details": "Dodatne podrobnosti o izdelku",
    "won_category_primary": "Svetovi potreb/Hrana in bližnja hrana/Sir in mlečni izdelki (vključno z maslom in sirom)",
    "won_category_primary_path": "0/17/1718",
    "canonical_path": "/p/sol-mar-spanski-kremni-jogurt/p10082257",
    "canonical_url": "/p/sol-mar-spanski-kremni-jogurt/p10082257",
    "awards": [],
    "seals": [
      {
        "altText": "Žig: PRODUCTO ESPAÑOL",
        "image": "https://imgproxy-retcat.assets.schwarz/FTXkSRvAczDh03LfvoK84k2qVbDDcK3NGtc7HdBCEq0/sm:1/w:140/cz/M6Ly9wcm9kLWNhd/GFsb2ctbWVkaWEvc2kvMi80RjUxRENCNUZEOEVCQTcxOENBMjM2Mzg/5MkU3OTlGMTA0RTYzQUQyNTA0RTUxNDExQTdCM0Y4N0I3MjIyMTgyLnBuZw.png"
      },
      {
        "altText": "Nalepka: Hlajeno",
        "image": "https://imgproxy-retcat.assets.schwarz/7x3Iby7aD19hFySDnP2YoXt7E1r0JrvJVj0QO1gUOes/sm:1/w:140/cz/M6Ly9wcm9kLWNhd/GFsb2ctbWVkaWEvc2kvMi8xMzFBN0E2RDlCREZGREQxOEE2OTFDNEZ/FNDE5RTM0QUMxQjY4OEQ0OUY2QTAxMTRDRjQ1RjdCNTNDRjM2NUJBLnBuZw.png"
      }
    ],
    "ribbons": [],
    "highlighted_seals": 0,
    "lidl_plus": [],
    "regions": [],
    "ians": [
      "5700343"
    ],
    "show_brand": true,
    "deal_of_day_active": false,
    "full_title_meta": "SOL&MAR Španski kremni jogurt",
    "lists": [
      4986
    ],
    "preview": false,
    "category_breadcrumbs": [
      {
        "id": "10068374",
        "name": "Hrana in pijača",
        "url": "/c/hrana-in-pijaca/s10068374",
        "hidden": false
      },
      {
        "id": "10071017",
        "name": " Sir &  Mlečni izdelki",
        "url": "/h/sir-mlecni-izdelki/h10071017",
        "hidden": false
      }
    ],
    "campaigns": [
      {
        "id": "Current_Sales_Week",
        "name": "Ta teden",
        "url": null,
        "hidden": false
      },
      {
        "id": "10074825",
        "name": "Navdih iberksega polotoka",
        "url": "/c/navdih-iberksega-polotoka/a10074825",
        "hidden": false
      }
    ],
    "world_of_needs_code": "1718",
    "world_of_needs_name": "Sir in mlečni izdelki (vključno z maslom in sirom)",
    "world_of_needs_parent": "17",
    "is_main_category": true,
    "super_categories": [
      {
        "code": "17",
        "name": "Hrana in bližnja hrana",
        "parent": "0"
      },
      {
        "code": "0",
        "name": "Svetovi potreb",
        "parent": ""
      }
    ],
    "position": 340,
    "tracking_payload": {
      "searchTrackingMasterId": "Product.10082257",
      "searchTrackingTitle": "%C5%A0panski+kremni+jogurt",
      "searchTrackingPageSize": 100,
      "searchTrackingPage": 4,
      "searchTrackingEvent": "click",
      "list": "search",
      "searchTrackingId": "Product.10082257",
      "searchTrackingOrigPos": 1,
      "searchTrackingPos": 340,
      "searchTrackingOrigPageSize": 100,
      "searchTrackingChannel": "SI",
      "category": "Food"
    }
  },
  {
    "code": "10082259",
    "name": "Sladoled",
    "url": "",
    "result_class": "product",
    "type": "product",
    "product_id": 10082259,
    "erp_number": "10082259",
    "item_id": 10082259,
    "full_title": "SOL&MAR Sladoled",
    "title": "Sladoled",
    "category": "Food",
    "product_type": "RETAIL",
    "age_restriction": false,
    "is_used_product": false,
    "multipack": false,
    "online": false,
    "store": true,
    "quick_add_to_cart": false,
    "flash_sales": false,
    "having_videos": false,
    "having_threesixty": false,
    "price": 2.79,
    "old_price": 0.0,
    "currency_code": "EUR",
    "currency_symbol": "€",
    "has_star": true,
    "has_vat": false,
    "price_theme": "white_red",
    "variants_have_different_prices": false,
    "base_price_text": "1 l = 5.58",
    "base_price_prefix": false,
    "packaging_text": "500 ml",
    "discount_deleted_price": null,
    "discount_text": null,
    "discount_percentage": null,
    "discount_has_star": null,
    "show_discount": null,
    "show_percentage": null,
    "from_recommended_price": null,
    "availability_indicator": 0,
    "online_available": false,
    "min_orderable_quantity": 1,
    "orderable_quantities": [],
    "badge_texts": [
      "V trgovini od 07.07."
    ],
    "badge_types": [
      "IN_STORE_FROM_DATE_TODAY"
    ],
    "main_image": "https://imgproxy-retcat.assets.schwarz/xA3JCoc9OTSnliMw0VTjGHFitkkwto0WphSZ3JooMgg/sm:1/w:427/h:320/cz/M6Ly9wcm9kLWNhd/GFsb2ctbWVkaWEvc2kvMS9GRDEwQUJBODFBOTAwMkJFRkQ3OUNCNjJ/CNDk0QkQyMTEwOTNDMzU3N0U1NDI4NjlFRkI3OThBN0I5RjZGRjIyLmpwZw.jpg",
    "image_list": [
      "https://imgproxy-retcat.assets.schwarz/xA3JCoc9OTSnliMw0VTjGHFitkkwto0WphSZ3JooMgg/sm:1/w:427/h:320/cz/M6Ly9wcm9kLWNhd/GFsb2ctbWVkaWEvc2kvMS9GRDEwQUJBODFBOTAwMkJFRkQ3OUNCNjJ/CNDk0QkQyMTEwOTNDMzU3N0U1NDI4NjlFRkI3OThBN0I5RjZGRjIyLmpwZw.jpg",
      "https://imgproxy-retcat.assets.schwarz/myk1lNCsljPOyeyfB7ChxsqcggVdCZTg4URJixQ_Xgw/sm:1/w:427/h:320/cz/M6Ly9wcm9kLWNhd/GFsb2ctbWVkaWEvc2kvMS85MTM4Q0IyRjU4QjgzQTJBQTg4RjY1N0Y/xRjUyMzg2RUNBRDc5Nzc3RkExNDJCQzBDNkZFNkJBNzlDQTZDQUJCLmpwZw.jpg",
      "https://imgproxy-retcat.assets.schwarz/TV15ZBZiaBIHz1ktLa3-mOXgucbL8Fl6yUD3vlYRYmU/sm:1/w:427/h:320/cz/M6Ly9wcm9kLWNhd/GFsb2ctbWVkaWEvc2kvMS8wNzczMzY1MDIwQjgwRDJENzQ1N0FFMTJ/CNEE1ODYzNzY4RjVCMzM1MUUzMjIwNjcwMUMwRDQ0NUJGNDJDMEYwLmpwZw.jpg"
    ],
    "image_accessibility": "Dve posodi sladoleda Sel Me, okusa dulce de leche in leche merengada.",
    "detailed_images": [
      {
        "url": "https://imgproxy-retcat.assets.schwarz/xA3JCoc9OTSnliMw0VTjGHFitkkwto0WphSZ3JooMgg/sm:1/w:427/h:320/cz/M6Ly9wcm9kLWNhd/GFsb2ctbWVkaWEvc2kvMS9GRDEwQUJBODFBOTAwMkJFRkQ3OUNCNjJ/CNDk0QkQyMTEwOTNDMzU3N0U1NDI4NjlFRkI3OThBN0I5RjZGRjIyLmpwZw.jpg",
        "accessibility": "Dve posodi sladoleda Sel Me, okusa dulce de leche in leche merengada."
      },
      {
        "url": "https://imgproxy-retcat.assets.schwarz/myk1lNCsljPOyeyfB7ChxsqcggVdCZTg4URJixQ_Xgw/sm:1/w:427/h:320/cz/M6Ly9wcm9kLWNhd/GFsb2ctbWVkaWEvc2kvMS85MTM4Q0IyRjU4QjgzQTJBQTg4RjY1N0Y/xRjUyMzg2RUNBRDc5Nzc3RkExNDJCQzBDNkZFNkJBNzlDQTZDQUJCLmpwZw.jpg",
        "accessibility": "Sladka smetana Dulce de Leche Solé Mer v 500g posodi."
      },
      {
        "url": "https://imgproxy-retcat.assets.schwarz/TV15ZBZiaBIHz1ktLa3-mOXgucbL8Fl6yUD3vlYRYmU/sm:1/w:427/h:320/cz/M6Ly9wcm9kLWNhd/GFsb2ctbWVkaWEvc2kvMS8wNzczMzY1MDIwQjgwRDJENzQ1N0FFMTJ/CNEE1ODYzNzY4RjVCMzM1MUUzMjIwNjcwMUMwRDQ0NUJGNDJDMEYwLmpwZw.jpg",
        "accessibility": "Solé Mir merengue sladoled v plastični posodi."
      }
    ],
    "analytics_category": "Food",
    "more_details": "Dodatne podrobnosti o izdelku",
    "won_category_primary": "Svetovi potreb/Hrana in bližnja hrana/Prigrizki in slaščice",
    "won_category_primary_path": "0/17/1721",
    "canonical_path": "/p/sol-mar-sladoled/p10082259",
    "canonical_url": "/p/sol-mar-sladoled/p10082259",
    "awards": [],
    "seals": [
      {
        "altText": "Nalepka: NOVO!",
        "image": "https://imgproxy-retcat.assets.schwarz/gW7U9oAMEinoB9aSfR-kefCuzYAnn4a_JeAvwiBZ8jM/sm:1/w:140/cz/M6Ly9wcm9kLWNhd/GFsb2ctbWVkaWEvc2kvMi8xMzJDOEE4QTc5MEM1OUI0Q0UxNUQ5OUV/GRjE1MTJBOThEN0JEOEI5NEU0MzkzRkRGQjk3Q0NCOUE5MjIxODNCLnBuZw.png"
      }
    ],
    "ribbons": [],
    "highlighted_seals": 0,
    "lidl_plus": [],
    "regions": [],
    "ians": [
      "5707130"
    ],
    "show_brand": true,
    "deal_of_day_active": false,
    "full_title_meta": "SOL&MAR Sladoled",
    "lists": [
      4986
    ],
    "preview": false,
    "category_breadcrumbs": [
      {
        "id": "10068374",
        "name": "Hrana in pijača",
        "url": "/c/hrana-in-pijaca/s10068374",
        "hidden": false
      },
      {
        "id": "10071044",
        "name": "Prigrizki in sladkarije",
        "url": "/h/prigrizki-in-sladkarije/h10071044",
        "hidden": false
      }
    ],
    "campaigns": [
      {
        "id": "Current_Sales_Week",
        "name": "Ta teden",
        "url": null,
        "hidden": false
      },
      {
        "id": "10074825",
        "name": "Navdih iberksega polotoka",
        "url": "/c/navdih-iberksega-polotoka/a10074825",
        "hidden": false
      }
    ],
    "world_of_needs_code": "1721",
    "world_of_needs_name": "Prigrizki in slaščice",
    "world_of_needs_parent": "17",
    "is_main_category": true,
    "super_categories": [
      {
        "code": "17",
        "name": "Hrana in bližnja hrana",
        "parent": "0"
      },
      {
        "code": "0",
        "name": "Svetovi potreb",
        "parent": ""
      }
    ],
    "position": 341,
    "tracking_payload": {
      "searchTrackingMasterId": "Product.10082259",
      "searchTrackingTitle": "Sladoled",
      "searchTrackingPageSize": 100,
      "searchTrackingPage": 4,
      "searchTrackingEvent": "click",
      "list": "search",
      "searchTrackingId": "Product.10082259",
      "searchTrackingOrigPos": 1,
      "searchTrackingPos": 341,
      "searchTrackingOrigPageSize": 100,
      "searchTrackingChannel": "SI",
      "category": "Food"
    }
  },
  {
    "code": "10082261",
    "name": "Sorbet s sladoledom",
    "url": "",
    "result_class": "product",
    "type": "product",
    "product_id": 10082261,
    "erp_number": "10082261",
    "item_id": 10082261,
    "full_title": "SOL&MAR Sorbet s sladoledom",
    "title": "Sorbet s sladoledom",
    "category": "Food",
    "product_type": "RETAIL",
    "age_restriction": false,
    "is_used_product": false,
    "multipack": false,
    "online": false,
    "store": true,
    "quick_add_to_cart": false,
    "flash_sales": false,
    "having_videos": false,
    "having_threesixty": false,
    "price": 1.29,
    "old_price": 0.0,
    "currency_code": "EUR",
    "currency_symbol": "€",
    "has_star": true,
    "has_vat": false,
    "price_theme": "white_red",
    "variants_have_different_prices": false,
    "base_price_text": "1 l = 5.16/4.69",
    "base_price_prefix": false,
    "packaging_text": "250/275 ml",
    "discount_deleted_price": null,
    "discount_text": null,
    "discount_percentage": null,
    "discount_has_star": null,
    "show_discount": null,
    "show_percentage": null,
    "from_recommended_price": null,
    "availability_indicator": 0,
    "online_available": false,
    "min_orderable_quantity": 1,
    "orderable_quantities": [],
    "badge_texts": [
      "V trgovini od 07.07."
    ],
    "badge_types": [
      "IN_STORE_FROM_DATE_TODAY"
    ],
    "main_image": "https://imgproxy-retcat.assets.schwarz/itTFUqtUxxfYy2-jHxKYCPskeASKEhqbdjqu1wH6zLM/sm:1/w:427/h:320/cz/M6Ly9wcm9kLWNhd/GFsb2ctbWVkaWEvc2kvMS9GNDhCODhBNThERDZENzI1ODVGOUY1RTN/DNEZFRTJBN0VFQTFCREFDRDE5OEY3QjlGQTVGMkUzNUI0NjI2NjdCLmpwZw.jpg",
    "image_list": [
      "https://imgproxy-retcat.assets.schwarz/itTFUqtUxxfYy2-jHxKYCPskeASKEhqbdjqu1wH6zLM/sm:1/w:427/h:320/cz/M6Ly9wcm9kLWNhd/GFsb2ctbWVkaWEvc2kvMS9GNDhCODhBNThERDZENzI1ODVGOUY1RTN/DNEZFRTJBN0VFQTFCREFDRDE5OEY3QjlGQTVGMkUzNUI0NjI2NjdCLmpwZw.jpg",
      "https://imgproxy-retcat.assets.schwarz/3sjobNYkLE4YG0dT96yEP9obgWhlg-LAFuYljzARlg8/sm:1/w:427/h:320/cz/M6Ly9wcm9kLWNhd/GFsb2ctbWVkaWEvc2kvMS9BN0E1NjdGRDYwNzlBQzBFNUNBNTQyRjR/EMDg2Qzk2RTREQjhBMDhCRUMwQTVCMENFOTQ4RDNBQjcyQThERUVBLmpwZw.jpg",
      "https://imgproxy-retcat.assets.schwarz/emr8M7UoO_f6ZBwuJOX74zNEn-pKJLwdPFFmL7Q9yDo/sm:1/w:427/h:320/cz/M6Ly9wcm9kLWNhd/GFsb2ctbWVkaWEvc2kvMS8zRjA0MUEyRTI2QTVDOUE5RDExNzZFMzh/BQjhCMzFCMkI3N0VFNkVDRERBNDhDQzJBOEVCRkFDODVCMDBFMkVFLmpwZw.jpg"
    ],
    "image_accessibility": "Dve posodi z blagovno znamko Wudy, ki vsebujeta dva različna nadeva: sladko in pikantno.",
    "detailed_images": [
      {
        "url": "https://imgproxy-retcat.assets.schwarz/itTFUqtUxxfYy2-jHxKYCPskeASKEhqbdjqu1wH6zLM/sm:1/w:427/h:320/cz/M6Ly9wcm9kLWNhd/GFsb2ctbWVkaWEvc2kvMS9GNDhCODhBNThERDZENzI1ODVGOUY1RTN/DNEZFRTJBN0VFQTFCREFDRDE5OEY3QjlGQTVGMkUzNUI0NjI2NjdCLmpwZw.jpg",
        "accessibility": "Dve posodi z blagovno znamko Wudy, ki vsebujeta dva različna nadeva: sladko in pikantno."
      },
      {
        "url": "https://imgproxy-retcat.assets.schwarz/3sjobNYkLE4YG0dT96yEP9obgWhlg-LAFuYljzARlg8/sm:1/w:427/h:320/cz/M6Ly9wcm9kLWNhd/GFsb2ctbWVkaWEvc2kvMS9BN0E1NjdGRDYwNzlBQzBFNUNBNTQyRjR/EMDg2Qzk2RTREQjhBMDhCRUMwQTVCMENFOTQ4RDNBQjcyQThERUVBLmpwZw.jpg",
        "accessibility": "SolMarjev pomarančni sladoled v ovalni posodi."
      },
      {
        "url": "https://imgproxy-retcat.assets.schwarz/emr8M7UoO_f6ZBwuJOX74zNEn-pKJLwdPFFmL7Q9yDo/sm:1/w:427/h:320/cz/M6Ly9wcm9kLWNhd/GFsb2ctbWVkaWEvc2kvMS8zRjA0MUEyRTI2QTVDOUE5RDExNzZFMzh/BQjhCMzFCMkI3N0VFNkVDRERBNDhDQzJBOEVCRkFDODVCMDBFMkVFLmpwZw.jpg",
        "accessibility": "Posoda Solero s sladoledom okusa lubenice."
      }
    ],
    "analytics_category": "Food",
    "more_details": "Dodatne podrobnosti o izdelku",
    "won_category_primary": "Svetovi potreb/Hrana in bližnja hrana/Zamrznjena hrana (Zamrznjena hrana)",
    "won_category_primary_path": "0/17/1716",
    "canonical_path": "/p/sol-mar-sorbet-s-sladoledom/p10082261",
    "canonical_url": "/p/sol-mar-sorbet-s-sladoledom/p10082261",
    "awards": [],
    "seals": [],
    "ribbons": [],
    "highlighted_seals": 0,
    "lidl_plus": [],
    "regions": [],
    "ians": [
      "159091"
    ],
    "show_brand": true,
    "deal_of_day_active": false,
    "full_title_meta": "SOL&MAR Sorbet s sladoledom",
    "lists": [
      4986
    ],
    "preview": false,
    "category_breadcrumbs": [
      {
        "id": "10068374",
        "name": "Hrana in pijača",
        "url": "/c/hrana-in-pijaca/s10068374",
        "hidden": false
      },
      {
        "id": "10071049",
        "name": "Zamrznjena hrana",
        "url": "/h/zamrznjena-hrana/h10071049",
        "hidden": false
      }
    ],
    "campaigns": [
      {
        "id": "Current_Sales_Week",
        "name": "Ta teden",
        "url": null,
        "hidden": false
      },
      {
        "id": "10074825",
        "name": "Navdih iberksega polotoka",
        "url": "/c/navdih-iberksega-polotoka/a10074825",
        "hidden": false
      }
    ],
    "world_of_needs_code": "1716",
    "world_of_needs_name": "Zamrznjena hrana (Zamrznjena hrana)",
    "world_of_needs_parent": "17",
    "is_main_category": true,
    "super_categories": [
      {
        "code": "17",
        "name": "Hrana in bližnja hrana",
        "parent": "0"
      },
      {
        "code": "0",
        "name": "Svetovi potreb",
        "parent": ""
      }
    ],
    "position": 342,
    "tracking_payload": {
      "searchTrackingMasterId": "Product.10082261",
      "searchTrackingTitle": "Sorbet+s+sladoledom",
      "searchTrackingPageSize": 100,
      "searchTrackingPage": 4,
      "searchTrackingEvent": "click",
      "list": "search",
      "searchTrackingId": "Product.10082261",
      "searchTrackingOrigPos": 1,
      "searchTrackingPos": 342,
      "searchTrackingOrigPageSize": 100,
      "searchTrackingChannel": "SI",
      "category": "Food"
    }
  },
  {
    "code": "10082263",
    "name": "Pecivo „Pastel de nata“",
    "url": "",
    "result_class": "product",
    "type": "product",
    "product_id": 10082263,
    "erp_number": "10082263",
    "item_id": 10082263,
    "full_title": "SOL&MAR Pecivo „Pastel de nata“",
    "title": "Pecivo „Pastel de nata“",
    "category": "Food",
    "product_type": "RETAIL",
    "age_restriction": false,
    "is_used_product": false,
    "multipack": false,
    "online": false,
    "store": true,
    "quick_add_to_cart": false,
    "flash_sales": false,
    "having_videos": false,
    "having_threesixty": false,
    "price": 2.29,
    "old_price": 0.0,
    "currency_code": "EUR",
    "currency_symbol": "€",
    "has_star": true,
    "has_vat": false,
    "price_theme": "white_red",
    "variants_have_different_prices": false,
    "base_price_text": "1 kg = 9.54",
    "base_price_prefix": false,
    "packaging_text": "240 g (4 x 60 g)",
    "discount_deleted_price": null,
    "discount_text": "ZGRABITE PRILOŽNOST!",
    "discount_percentage": null,
    "discount_has_star": false,
    "show_discount": false,
    "show_percentage": false,
    "from_recommended_price": false,
    "availability_indicator": 0,
    "online_available": false,
    "min_orderable_quantity": 1,
    "orderable_quantities": [],
    "badge_texts": [
      "V trgovini od 07.07."
    ],
    "badge_types": [
      "IN_STORE_FROM_DATE_TODAY"
    ],
    "main_image": "https://imgproxy-retcat.assets.schwarz/nSVOLNnZuN2E8izPExNpI0DDeWqk98wovBg5lzzryos/sm:1/w:427/h:320/cz/M6Ly9wcm9kLWNhd/GFsb2ctbWVkaWEvc2kvMS85QjAxNEMxNUNERUEyMTlFNzRCRUIzN0M/wMUI1RTc5M0I2NzU3RjAzNkExNjhFNjdERDM1MTY3QzEyNjlEOTAxLmpwZw.jpg",
    "image_list": [
      "https://imgproxy-retcat.assets.schwarz/nSVOLNnZuN2E8izPExNpI0DDeWqk98wovBg5lzzryos/sm:1/w:427/h:320/cz/M6Ly9wcm9kLWNhd/GFsb2ctbWVkaWEvc2kvMS85QjAxNEMxNUNERUEyMTlFNzRCRUIzN0M/wMUI1RTc5M0I2NzU3RjAzNkExNjhFNjdERDM1MTY3QzEyNjlEOTAxLmpwZw.jpg",
      "https://imgproxy-retcat.assets.schwarz/OVaIMyLjZ8NYAJcedy8U11SabddCXQ_gxIEQc12uBo4/sm:1/w:427/h:320/cz/M6Ly9wcm9kLWNhd/GFsb2ctbWVkaWEvc2kvMS9EMzc3MUFFNzc1OTYxOTNBQTg0MDI5QUM/2NjM4OTVEMUU2RDdEQTE0ODREMDc0Q0NDRTlBMTZEN0E2RkQ5OEI4LmpwZw.jpg",
      "https://imgproxy-retcat.assets.schwarz/A1NWDEHulnmQMFqSBGM0WlSVBYEBJMN-zQWAiJ5t7sA/sm:1/w:427/h:320/cz/M6Ly9wcm9kLWNhd/GFsb2ctbWVkaWEvc2kvMS9COUFFNTBGQTgzRjUwRkY0RDRBMTVERTV/DNDA5NzEzMzkxRUQyOENDRjA2ODQwM0U0MTRENjFEODBBNzY3NUM5LmpwZw.jpg"
    ],
    "image_accessibility": "Dve škatli zamrznjenih Pastel de Nata, ena z okusom medu in druga z okusom grozdja.",
    "detailed_images": [
      {
        "url": "https://imgproxy-retcat.assets.schwarz/nSVOLNnZuN2E8izPExNpI0DDeWqk98wovBg5lzzryos/sm:1/w:427/h:320/cz/M6Ly9wcm9kLWNhd/GFsb2ctbWVkaWEvc2kvMS85QjAxNEMxNUNERUEyMTlFNzRCRUIzN0M/wMUI1RTc5M0I2NzU3RjAzNkExNjhFNjdERDM1MTY3QzEyNjlEOTAxLmpwZw.jpg",
        "accessibility": "Dve škatli zamrznjenih Pastel de Nata, ena z okusom medu in druga z okusom grozdja."
      },
      {
        "url": "https://imgproxy-retcat.assets.schwarz/OVaIMyLjZ8NYAJcedy8U11SabddCXQ_gxIEQc12uBo4/sm:1/w:427/h:320/cz/M6Ly9wcm9kLWNhd/GFsb2ctbWVkaWEvc2kvMS9EMzc3MUFFNzc1OTYxOTNBQTg0MDI5QUM/2NjM4OTVEMUU2RDdEQTE0ODREMDc0Q0NDRTlBMTZEN0E2RkQ5OEI4LmpwZw.jpg",
        "accessibility": "Pakiranje zamrznjenih Pastel de Nata peciva Sah-Mar z borovnicami in malino."
      },
      {
        "url": "https://imgproxy-retcat.assets.schwarz/A1NWDEHulnmQMFqSBGM0WlSVBYEBJMN-zQWAiJ5t7sA/sm:1/w:427/h:320/cz/M6Ly9wcm9kLWNhd/GFsb2ctbWVkaWEvc2kvMS9COUFFNTBGQTgzRjUwRkY0RDRBMTVERTV/DNDA5NzEzMzkxRUQyOENDRjA2ODQwM0U0MTRENjFEODBBNzY3NUM5LmpwZw.jpg",
        "accessibility": "Pakiranje zamrznjenih Pastel de Nata peciva Sol y Mar z karamelno omako."
      }
    ],
    "analytics_category": "Food",
    "more_details": "Dodatne podrobnosti o izdelku",
    "won_category_primary": "Svetovi potreb/Hrana in bližnja hrana/Kruh in pekovsko pecivo",
    "won_category_primary_path": "0/17/1713",
    "canonical_path": "/p/sol-mar-pecivo-pastel-de-nata/p10082263",
    "canonical_url": "/p/sol-mar-pecivo-pastel-de-nata/p10082263",
    "awards": [],
    "seals": [
      {
        "altText": "Znak: Zamrznjeno",
        "image": "https://imgproxy-retcat.assets.schwarz/ayWyw20LfIYJzOhoc4KvR8G0z3S3CSGFD0vHUIK3dgY/sm:1/w:140/cz/M6Ly9wcm9kLWNhd/GFsb2ctbWVkaWEvc2kvMi81NkZCNjYzMzA5NkRFMERFNzUzNEI1ODY/xRDQ4Q0MxRTkxQkUzNUMxOTBGNTAyMURGMjJGODEyQzk0ODhCNTYwLnBuZw.png"
      }
    ],
    "ribbons": [],
    "highlighted_seals": 0,
    "lidl_plus": [],
    "regions": [],
    "ians": [
      "5911136"
    ],
    "show_brand": true,
    "deal_of_day_active": false,
    "full_title_meta": "SOL&MAR Pecivo „Pastel de nata“",
    "lists": [
      4986
    ],
    "preview": false,
    "category_breadcrumbs": [
      {
        "id": "10068374",
        "name": "Hrana in pijača",
        "url": "/c/hrana-in-pijaca/s10068374",
        "hidden": false
      },
      {
        "id": "10071015",
        "name": "Kruh in pekovski izdelki",
        "url": "/h/kruh-in-pekovski-izdelki/h10071015",
        "hidden": false
      }
    ],
    "campaigns": [
      {
        "id": "Current_Sales_Week",
        "name": "Ta teden",
        "url": null,
        "hidden": false
      },
      {
        "id": "10074825",
        "name": "Navdih iberksega polotoka",
        "url": "/c/navdih-iberksega-polotoka/a10074825",
        "hidden": false
      }
    ],
    "world_of_needs_code": "1713",
    "world_of_needs_name": "Kruh in pekovsko pecivo",
    "world_of_needs_parent": "17",
    "is_main_category": true,
    "super_categories": [
      {
        "code": "17",
        "name": "Hrana in bližnja hrana",
        "parent": "0"
      },
      {
        "code": "0",
        "name": "Svetovi potreb",
        "parent": ""
      }
    ],
    "position": 343,
    "tracking_payload": {
      "searchTrackingMasterId": "Product.10082263",
      "searchTrackingTitle": "Pecivo+%E2%80%9EPastel+de+nata%E2%80%9C",
      "searchTrackingPageSize": 100,
      "searchTrackingPage": 4,
      "searchTrackingEvent": "click",
      "list": "search",
      "searchTrackingId": "Product.10082263",
      "searchTrackingOrigPos": 1,
      "searchTrackingPos": 343,
      "searchTrackingOrigPageSize": 100,
      "searchTrackingChannel": "SI",
      "category": "Food"
    }
  },
  {
    "code": "10082267",
    "name": "Gazirana pijača",
    "url": "",
    "result_class": "product",
    "type": "product",
    "product_id": 10082267,
    "erp_number": "10082267",
    "item_id": 10082267,
    "full_title": "SOL&MAR Gazirana pijača",
    "title": "Gazirana pijača",
    "category": "Food",
    "product_type": "RETAIL",
    "age_restriction": false,
    "is_used_product": false,
    "multipack": false,
    "online": false,
    "store": true,
    "quick_add_to_cart": false,
    "flash_sales": false,
    "having_videos": false,
    "having_threesixty": false,
    "price": 0.49,
    "old_price": 0.0,
    "currency_code": "EUR",
    "currency_symbol": "€",
    "has_star": true,
    "has_vat": false,
    "price_theme": "white_red",
    "variants_have_different_prices": false,
    "base_price_text": "1 l = 1.48",
    "base_price_prefix": false,
    "packaging_text": "330 ml",
    "discount_deleted_price": null,
    "discount_text": null,
    "discount_percentage": null,
    "discount_has_star": null,
    "show_discount": null,
    "show_percentage": null,
    "from_recommended_price": null,
    "availability_indicator": 0,
    "online_available": false,
    "min_orderable_quantity": 1,
    "orderable_quantities": [],
    "badge_texts": [
      "V trgovini od 07.07."
    ],
    "badge_types": [
      "IN_STORE_FROM_DATE_TODAY"
    ],
    "main_image": "https://imgproxy-retcat.assets.schwarz/bATbB-uZJoxPljjei_v3gL1NUZuiD1URO1VlO1vnm_s/sm:1/w:427/h:320/cz/M6Ly9wcm9kLWNhd/GFsb2ctbWVkaWEvc2kvMS8yRDEzNkZFQjc1RUNBMjM5NjVEREY5NEQ/wMUJDMjA5QjQ0NzE1OUZFMTA3MDUyNUVBQTM3Q0REQ0ZFQ0Q0NDEwLmpwZw.jpg",
    "image_list": [
      "https://imgproxy-retcat.assets.schwarz/bATbB-uZJoxPljjei_v3gL1NUZuiD1URO1VlO1vnm_s/sm:1/w:427/h:320/cz/M6Ly9wcm9kLWNhd/GFsb2ctbWVkaWEvc2kvMS8yRDEzNkZFQjc1RUNBMjM5NjVEREY5NEQ/wMUJDMjA5QjQ0NzE1OUZFMTA3MDUyNUVBQTM3Q0REQ0ZFQ0Q0NDEwLmpwZw.jpg"
    ],
    "image_accessibility": "Jujur limonada v pločevinki.",
    "detailed_images": [
      {
        "url": "https://imgproxy-retcat.assets.schwarz/bATbB-uZJoxPljjei_v3gL1NUZuiD1URO1VlO1vnm_s/sm:1/w:427/h:320/cz/M6Ly9wcm9kLWNhd/GFsb2ctbWVkaWEvc2kvMS8yRDEzNkZFQjc1RUNBMjM5NjVEREY5NEQ/wMUJDMjA5QjQ0NzE1OUZFMTA3MDUyNUVBQTM3Q0REQ0ZFQ0Q0NDEwLmpwZw.jpg",
        "accessibility": "Jujur limonada v pločevinki."
      }
    ],
    "analytics_category": "Food",
    "more_details": "Dodatne podrobnosti o izdelku",
    "won_category_primary": "Svetovi potreb/Hrana in bližnja hrana/Pijače",
    "won_category_primary_path": "0/17/1720",
    "canonical_path": "/p/sol-mar-gazirana-pijaca/p10082267",
    "canonical_url": "/p/sol-mar-gazirana-pijaca/p10082267",
    "awards": [],
    "seals": [
      {
        "altText": "Nalepka: NOVO!",
        "image": "https://imgproxy-retcat.assets.schwarz/gW7U9oAMEinoB9aSfR-kefCuzYAnn4a_JeAvwiBZ8jM/sm:1/w:140/cz/M6Ly9wcm9kLWNhd/GFsb2ctbWVkaWEvc2kvMi8xMzJDOEE4QTc5MEM1OUI0Q0UxNUQ5OUV/GRjE1MTJBOThEN0JEOEI5NEU0MzkzRkRGQjk3Q0NCOUE5MjIxODNCLnBuZw.png"
      }
    ],
    "ribbons": [],
    "highlighted_seals": 0,
    "lidl_plus": [],
    "regions": [],
    "ians": [
      "135133"
    ],
    "show_brand": true,
    "deal_of_day_active": false,
    "full_title_meta": "SOL&MAR Gazirana pijača",
    "lists": [
      4986
    ],
    "preview": false,
    "category_breadcrumbs": [
      {
        "id": "10068374",
        "name": "Hrana in pijača",
        "url": "/c/hrana-in-pijaca/s10068374",
        "hidden": false
      },
      {
        "id": "10071022",
        "name": "Pijače",
        "url": "/h/pijace/h10071022",
        "hidden": false
      }
    ],
    "campaigns": [
      {
        "id": "Current_Sales_Week",
        "name": "Ta teden",
        "url": null,
        "hidden": false
      },
      {
        "id": "10074825",
        "name": "Navdih iberksega polotoka",
        "url": "/c/navdih-iberksega-polotoka/a10074825",
        "hidden": false
      }
    ],
    "world_of_needs_code": "1720",
    "world_of_needs_name": "Pijače",
    "world_of_needs_parent": "17",
    "is_main_category": true,
    "super_categories": [
      {
        "code": "17",
        "name": "Hrana in bližnja hrana",
        "parent": "0"
      },
      {
        "code": "0",
        "name": "Svetovi potreb",
        "parent": ""
      }
    ],
    "position": 344,
    "tracking_payload": {
      "searchTrackingMasterId": "Product.10082267",
      "searchTrackingTitle": "Gazirana+pija%C4%8Da",
      "searchTrackingPageSize": 100,
      "searchTrackingPage": 4,
      "searchTrackingEvent": "click",
      "list": "search",
      "searchTrackingId": "Product.10082267",
      "searchTrackingOrigPos": 1,
      "searchTrackingPos": 344,
      "searchTrackingOrigPageSize": 100,
      "searchTrackingChannel": "SI",
      "category": "Food"
    }
  },
  {
    "code": "10082269",
    "name": "Puding na katalonski način „Flan caramelo“",
    "url": "",
    "result_class": "product",
    "type": "product",
    "product_id": 10082269,
    "erp_number": "10082269",
    "item_id": 10082269,
    "full_title": "SOL&MAR Puding na katalonski način „Flan caramelo“",
    "title": "Puding na katalonski način „Flan caramelo“",
    "category": "Food",
    "product_type": "RETAIL",
    "age_restriction": false,
    "is_used_product": false,
    "multipack": false,
    "online": false,
    "store": true,
    "quick_add_to_cart": false,
    "flash_sales": false,
    "having_videos": false,
    "having_threesixty": false,
    "price": 1.49,
    "old_price": 0.0,
    "currency_code": "EUR",
    "currency_symbol": "€",
    "has_star": true,
    "has_vat": false,
    "price_theme": "white_red",
    "variants_have_different_prices": false,
    "base_price_text": "1 kg = 2.48",
    "base_price_prefix": false,
    "packaging_text": "6 x 100 g",
    "discount_deleted_price": null,
    "discount_text": null,
    "discount_percentage": null,
    "discount_has_star": null,
    "show_discount": null,
    "show_percentage": null,
    "from_recommended_price": null,
    "availability_indicator": 0,
    "online_available": false,
    "min_orderable_quantity": 1,
    "orderable_quantities": [],
    "badge_texts": [
      "V trgovini od 07.07."
    ],
    "badge_types": [
      "IN_STORE_FROM_DATE_TODAY"
    ],
    "main_image": "https://imgproxy-retcat.assets.schwarz/i5Le5AbXJcq-5XwjP4UqbhzLGW-5sK4BYnxp2grs_PM/sm:1/w:427/h:320/cz/M6Ly9wcm9kLWNhd/GFsb2ctbWVkaWEvc2kvMS81NTlFMjc2REM4QTY2MERGNTY2MDJGOTA/4QkUxNTcyQjk3MTNEQkY5NEIyQTZGNjgwMkUxNEMyNTU3MEEyNDZCLmpwZw.jpg",
    "image_list": [
      "https://imgproxy-retcat.assets.schwarz/i5Le5AbXJcq-5XwjP4UqbhzLGW-5sK4BYnxp2grs_PM/sm:1/w:427/h:320/cz/M6Ly9wcm9kLWNhd/GFsb2ctbWVkaWEvc2kvMS81NTlFMjc2REM4QTY2MERGNTY2MDJGOTA/4QkUxNTcyQjk3MTNEQkY5NEIyQTZGNjgwMkUxNEMyNTU3MEEyNDZCLmpwZw.jpg"
    ],
    "image_accessibility": "Slika prikazuje embalažo sladice flan karamelo znamke San Mar, 600 g.",
    "detailed_images": [
      {
        "url": "https://imgproxy-retcat.assets.schwarz/i5Le5AbXJcq-5XwjP4UqbhzLGW-5sK4BYnxp2grs_PM/sm:1/w:427/h:320/cz/M6Ly9wcm9kLWNhd/GFsb2ctbWVkaWEvc2kvMS81NTlFMjc2REM4QTY2MERGNTY2MDJGOTA/4QkUxNTcyQjk3MTNEQkY5NEIyQTZGNjgwMkUxNEMyNTU3MEEyNDZCLmpwZw.jpg",
        "accessibility": "Slika prikazuje embalažo sladice flan karamelo znamke San Mar, 600 g."
      }
    ],
    "analytics_category": "Food",
    "more_details": "Dodatne podrobnosti o izdelku",
    "won_category_primary": "Svetovi potreb/Hrana in bližnja hrana/Pripravljene jedi (razen zamrznjene pice itd. in pekovskih izdelkov)",
    "won_category_primary_path": "0/17/1711",
    "canonical_path": "/p/sol-mar-puding-na-katalonski-nacin-flan-caramelo/p10082269",
    "canonical_url": "/p/sol-mar-puding-na-katalonski-nacin-flan-caramelo/p10082269",
    "awards": [],
    "seals": [
      {
        "altText": "Nalepka: Hlajeno",
        "image": "https://imgproxy-retcat.assets.schwarz/7x3Iby7aD19hFySDnP2YoXt7E1r0JrvJVj0QO1gUOes/sm:1/w:140/cz/M6Ly9wcm9kLWNhd/GFsb2ctbWVkaWEvc2kvMi8xMzFBN0E2RDlCREZGREQxOEE2OTFDNEZ/FNDE5RTM0QUMxQjY4OEQ0OUY2QTAxMTRDRjQ1RjdCNTNDRjM2NUJBLnBuZw.png"
      }
    ],
    "ribbons": [],
    "highlighted_seals": 0,
    "lidl_plus": [],
    "regions": [],
    "ians": [
      "28264"
    ],
    "show_brand": true,
    "deal_of_day_active": false,
    "full_title_meta": "SOL&MAR Puding na katalonski način „Flan caramelo“",
    "lists": [
      4986
    ],
    "preview": false,
    "category_breadcrumbs": [
      {
        "id": "10068374",
        "name": "Hrana in pijača",
        "url": "/c/hrana-in-pijaca/s10068374",
        "hidden": false
      },
      {
        "id": "10071020",
        "name": "Gotove jed",
        "url": "/h/gotove-jed/h10071020",
        "hidden": false
      }
    ],
    "campaigns": [
      {
        "id": "Current_Sales_Week",
        "name": "Ta teden",
        "url": null,
        "hidden": false
      },
      {
        "id": "10074825",
        "name": "Navdih iberksega polotoka",
        "url": "/c/navdih-iberksega-polotoka/a10074825",
        "hidden": false
      }
    ],
    "world_of_needs_code": "1711",
    "world_of_needs_name": "Pripravljene jedi (razen zamrznjene pice itd. in pekovskih izdelkov)",
    "world_of_needs_parent": "17",
    "is_main_category": true,
    "super_categories": [
      {
        "code": "17",
        "name": "Hrana in bližnja hrana",
        "parent": "0"
      },
      {
        "code": "0",
        "name": "Svetovi potreb",
        "parent": ""
      }
    ],
    "position": 345,
    "tracking_payload": {
      "searchTrackingMasterId": "Product.10082269",
      "searchTrackingTitle": "Puding+na+katalonski+na%C4%8Din+%E2%80%9EFlan+caramelo%E2%80%9C",
      "searchTrackingPageSize": 100,
      "searchTrackingPage": 4,
      "searchTrackingEvent": "click",
      "list": "search",
      "searchTrackingId": "Product.10082269",
      "searchTrackingOrigPos": 1,
      "searchTrackingPos": 345,
      "searchTrackingOrigPageSize": 100,
      "searchTrackingChannel": "SI",
      "category": "Food"
    }
  },
  {
    "code": "10082271",
    "name": "Španska Sangria",
    "url": "",
    "result_class": "product",
    "type": "product",
    "product_id": 10082271,
    "erp_number": "10082271",
    "item_id": 10082271,
    "full_title": "SOL&MAR Španska Sangria",
    "title": "Španska Sangria",
    "category": "Food",
    "product_type": "RETAIL",
    "age_restriction": false,
    "is_used_product": false,
    "multipack": false,
    "online": false,
    "store": true,
    "quick_add_to_cart": false,
    "flash_sales": false,
    "having_videos": false,
    "having_threesixty": false,
    "price": 4.49,
    "old_price": 0.0,
    "currency_code": "EUR",
    "currency_symbol": "€",
    "has_star": true,
    "has_vat": false,
    "price_theme": "white_red",
    "variants_have_different_prices": false,
    "base_price_text": "1 l = 1.50",
    "base_price_prefix": false,
    "packaging_text": "3 l",
    "discount_deleted_price": null,
    "discount_text": "ZGRABITE PRILOŽNOST!",
    "discount_percentage": null,
    "discount_has_star": false,
    "show_discount": false,
    "show_percentage": false,
    "from_recommended_price": false,
    "availability_indicator": 0,
    "online_available": false,
    "min_orderable_quantity": 1,
    "orderable_quantities": [],
    "badge_texts": [
      "V trgovini od 07.07."
    ],
    "badge_types": [
      "IN_STORE_FROM_DATE_TODAY"
    ],
    "main_image": "https://imgproxy-retcat.assets.schwarz/sutF4ztcy6nxERhea7M-0C9HLTGlcHaxWDp6pjLvpZs/sm:1/w:427/h:320/cz/M6Ly9wcm9kLWNhd/GFsb2ctbWVkaWEvc2kvMS81NDEwRDYxMjhCQkRERjYwMkJDQTQ0RTV/GMzQxMzNFRTM3MjAxNDBEMTA3OUIzOUVCREY0RkUxNEFCMDJFNDJDLmpwZw.jpg",
    "image_list": [
      "https://imgproxy-retcat.assets.schwarz/sutF4ztcy6nxERhea7M-0C9HLTGlcHaxWDp6pjLvpZs/sm:1/w:427/h:320/cz/M6Ly9wcm9kLWNhd/GFsb2ctbWVkaWEvc2kvMS81NDEwRDYxMjhCQkRERjYwMkJDQTQ0RTV/GMzQxMzNFRTM3MjAxNDBEMTA3OUIzOUVCREY0RkUxNEFCMDJFNDJDLmpwZw.jpg"
    ],
    "image_accessibility": "Škatla instant sangrije Sahne.",
    "detailed_images": [
      {
        "url": "https://imgproxy-retcat.assets.schwarz/sutF4ztcy6nxERhea7M-0C9HLTGlcHaxWDp6pjLvpZs/sm:1/w:427/h:320/cz/M6Ly9wcm9kLWNhd/GFsb2ctbWVkaWEvc2kvMS81NDEwRDYxMjhCQkRERjYwMkJDQTQ0RTV/GMzQxMzNFRTM3MjAxNDBEMTA3OUIzOUVCREY0RkUxNEFCMDJFNDJDLmpwZw.jpg",
        "accessibility": "Škatla instant sangrije Sahne."
      }
    ],
    "analytics_category": "Food",
    "more_details": "Dodatne podrobnosti o izdelku",
    "won_category_primary": "Svetovi potreb/Hrana in bližnja hrana/Pijače",
    "won_category_primary_path": "0/17/1720",
    "canonical_path": "/p/sol-mar-spanska-sangria/p10082271",
    "canonical_url": "/p/sol-mar-spanska-sangria/p10082271",
    "awards": [],
    "seals": [
      {
        "altText": "Žig: PRODUCTO ESPAÑOL",
        "image": "https://imgproxy-retcat.assets.schwarz/FTXkSRvAczDh03LfvoK84k2qVbDDcK3NGtc7HdBCEq0/sm:1/w:140/cz/M6Ly9wcm9kLWNhd/GFsb2ctbWVkaWEvc2kvMi80RjUxRENCNUZEOEVCQTcxOENBMjM2Mzg/5MkU3OTlGMTA0RTYzQUQyNTA0RTUxNDExQTdCM0Y4N0I3MjIyMTgyLnBuZw.png"
      }
    ],
    "ribbons": [],
    "highlighted_seals": 0,
    "lidl_plus": [],
    "regions": [],
    "ians": [
      "152725"
    ],
    "show_brand": true,
    "deal_of_day_active": false,
    "full_title_meta": "SOL&MAR Španska Sangria",
    "lists": [
      4986
    ],
    "preview": false,
    "category_breadcrumbs": [
      {
        "id": "10068374",
        "name": "Hrana in pijača",
        "url": "/c/hrana-in-pijaca/s10068374",
        "hidden": false
      },
      {
        "id": "10071022",
        "name": "Pijače",
        "url": "/h/pijace/h10071022",
        "hidden": false
      }
    ],
    "campaigns": [
      {
        "id": "Current_Sales_Week",
        "name": "Ta teden",
        "url": null,
        "hidden": false
      },
      {
        "id": "10074825",
        "name": "Navdih iberksega polotoka",
        "url": "/c/navdih-iberksega-polotoka/a10074825",
        "hidden": false
      }
    ],
    "world_of_needs_code": "1720",
    "world_of_needs_name": "Pijače",
    "world_of_needs_parent": "17",
    "is_main_category": true,
    "super_categories": [
      {
        "code": "17",
        "name": "Hrana in bližnja hrana",
        "parent": "0"
      },
      {
        "code": "0",
        "name": "Svetovi potreb",
        "parent": ""
      }
    ],
    "position": 346,
    "tracking_payload": {
      "searchTrackingMasterId": "Product.10082271",
      "searchTrackingTitle": "%C5%A0panska+Sangria",
      "searchTrackingPageSize": 100,
      "searchTrackingPage": 4,
      "searchTrackingEvent": "click",
      "list": "search",
      "searchTrackingId": "Product.10082271",
      "searchTrackingOrigPos": 1,
      "searchTrackingPos": 346,
      "searchTrackingOrigPageSize": 100,
      "searchTrackingChannel": "SI",
      "category": "Food"
    }
  },
  {
    "code": "10082273",
    "name": "Mini polnjeno pecivo „Churros“",
    "url": "",
    "result_class": "product",
    "type": "product",
    "product_id": 10082273,
    "erp_number": "10082273",
    "item_id": 10082273,
    "full_title": "SOL&MAR Mini polnjeno pecivo „Churros“",
    "title": "Mini polnjeno pecivo „Churros“",
    "category": "Food",
    "product_type": "RETAIL",
    "age_restriction": false,
    "is_used_product": false,
    "multipack": false,
    "online": false,
    "store": true,
    "quick_add_to_cart": false,
    "flash_sales": false,
    "having_videos": false,
    "having_threesixty": false,
    "price": 1.99,
    "old_price": 0.0,
    "currency_code": "EUR",
    "currency_symbol": "€",
    "has_star": true,
    "has_vat": false,
    "price_theme": "white_red",
    "variants_have_different_prices": false,
    "base_price_text": "1 kg = 9.75",
    "base_price_prefix": false,
    "packaging_text": "204 g",
    "discount_deleted_price": null,
    "discount_text": null,
    "discount_percentage": null,
    "discount_has_star": null,
    "show_discount": null,
    "show_percentage": null,
    "from_recommended_price": null,
    "availability_indicator": 0,
    "online_available": false,
    "min_orderable_quantity": 1,
    "orderable_quantities": [],
    "badge_texts": [
      "V trgovini od 07.07."
    ],
    "badge_types": [
      "IN_STORE_FROM_DATE_TODAY"
    ],
    "main_image": "https://imgproxy-retcat.assets.schwarz/kZxLuggXeM3hTgMQm3-MjA4svQIytCGMrYLbNR5pNL8/sm:1/w:427/h:320/cz/M6Ly9wcm9kLWNhd/GFsb2ctbWVkaWEvc2kvMS80MTM0RTU3MDUzMTBBREVGNzBDOTdENjU/5Q0Q0QjkyMkVGMTk3RTNDMTExOUI0NkE0QjYyN0FGOTQwNEY5NkFELmpwZw.jpg",
    "image_list": [
      "https://imgproxy-retcat.assets.schwarz/kZxLuggXeM3hTgMQm3-MjA4svQIytCGMrYLbNR5pNL8/sm:1/w:427/h:320/cz/M6Ly9wcm9kLWNhd/GFsb2ctbWVkaWEvc2kvMS80MTM0RTU3MDUzMTBBREVGNzBDOTdENjU/5Q0Q0QjkyMkVGMTk3RTNDMTExOUI0NkE0QjYyN0FGOTQwNEY5NkFELmpwZw.jpg"
    ],
    "image_accessibility": "Pakiranje mini churrosov Schär z čokoladnim nadevom.",
    "detailed_images": [
      {
        "url": "https://imgproxy-retcat.assets.schwarz/kZxLuggXeM3hTgMQm3-MjA4svQIytCGMrYLbNR5pNL8/sm:1/w:427/h:320/cz/M6Ly9wcm9kLWNhd/GFsb2ctbWVkaWEvc2kvMS80MTM0RTU3MDUzMTBBREVGNzBDOTdENjU/5Q0Q0QjkyMkVGMTk3RTNDMTExOUI0NkE0QjYyN0FGOTQwNEY5NkFELmpwZw.jpg",
        "accessibility": "Pakiranje mini churrosov Schär z čokoladnim nadevom."
      }
    ],
    "analytics_category": "Food",
    "more_details": "Dodatne podrobnosti o izdelku",
    "won_category_primary": "Svetovi potreb/Hrana in bližnja hrana/Prigrizki in slaščice",
    "won_category_primary_path": "0/17/1721",
    "canonical_path": "/p/sol-mar-mini-polnjeno-pecivo-churros/p10082273",
    "canonical_url": "/p/sol-mar-mini-polnjeno-pecivo-churros/p10082273",
    "awards": [],
    "seals": [
      {
        "altText": "Znak: Zamrznjeno",
        "image": "https://imgproxy-retcat.assets.schwarz/ayWyw20LfIYJzOhoc4KvR8G0z3S3CSGFD0vHUIK3dgY/sm:1/w:140/cz/M6Ly9wcm9kLWNhd/GFsb2ctbWVkaWEvc2kvMi81NkZCNjYzMzA5NkRFMERFNzUzNEI1ODY/xRDQ4Q0MxRTkxQkUzNUMxOTBGNTAyMURGMjJGODEyQzk0ODhCNTYwLnBuZw.png"
      }
    ],
    "ribbons": [],
    "highlighted_seals": 0,
    "lidl_plus": [],
    "regions": [],
    "ians": [
      "5706438"
    ],
    "show_brand": true,
    "deal_of_day_active": false,
    "full_title_meta": "SOL&MAR Mini polnjeno pecivo „Churros“",
    "lists": [
      4986
    ],
    "preview": false,
    "category_breadcrumbs": [
      {
        "id": "10068374",
        "name": "Hrana in pijača",
        "url": "/c/hrana-in-pijaca/s10068374",
        "hidden": false
      },
      {
        "id": "10071044",
        "name": "Prigrizki in sladkarije",
        "url": "/h/prigrizki-in-sladkarije/h10071044",
        "hidden": false
      }
    ],
    "campaigns": [
      {
        "id": "Current_Sales_Week",
        "name": "Ta teden",
        "url": null,
        "hidden": false
      },
      {
        "id": "10074825",
        "name": "Navdih iberksega polotoka",
        "url": "/c/navdih-iberksega-polotoka/a10074825",
        "hidden": false
      }
    ],
    "world_of_needs_code": "1721",
    "world_of_needs_name": "Prigrizki in slaščice",
    "world_of_needs_parent": "17",
    "is_main_category": true,
    "super_categories": [
      {
        "code": "17",
        "name": "Hrana in bližnja hrana",
        "parent": "0"
      },
      {
        "code": "0",
        "name": "Svetovi potreb",
        "parent": ""
      }
    ],
    "position": 347,
    "tracking_payload": {
      "searchTrackingMasterId": "Product.10082273",
      "searchTrackingTitle": "Mini+polnjeno+pecivo+%E2%80%9EChurros%E2%80%9C",
      "searchTrackingPageSize": 100,
      "searchTrackingPage": 4,
      "searchTrackingEvent": "click",
      "list": "search",
      "searchTrackingId": "Product.10082273",
      "searchTrackingOrigPos": 1,
      "searchTrackingPos": 347,
      "searchTrackingOrigPageSize": 100,
      "searchTrackingChannel": "SI",
      "category": "Food"
    }
  },
  {
    "code": "10082277",
    "name": "Portugalska marmelada",
    "url": "",
    "result_class": "product",
    "type": "product",
    "product_id": 10082277,
    "erp_number": "10082277",
    "item_id": 10082277,
    "full_title": "QUINTA DAS POESIAS Portugalska marmelada",
    "title": "Portugalska marmelada",
    "category": "Food",
    "product_type": "RETAIL",
    "age_restriction": false,
    "is_used_product": false,
    "multipack": false,
    "online": false,
    "store": true,
    "quick_add_to_cart": false,
    "flash_sales": false,
    "having_videos": false,
    "having_threesixty": false,
    "price": 1.99,
    "old_price": 0.0,
    "currency_code": "EUR",
    "currency_symbol": "€",
    "has_star": true,
    "has_vat": false,
    "price_theme": "white_red",
    "variants_have_different_prices": false,
    "base_price_text": "1 kg = 6.63",
    "base_price_prefix": false,
    "packaging_text": "300 g",
    "discount_deleted_price": null,
    "discount_text": null,
    "discount_percentage": null,
    "discount_has_star": null,
    "show_discount": null,
    "show_percentage": null,
    "from_recommended_price": null,
    "availability_indicator": 0,
    "online_available": false,
    "min_orderable_quantity": 1,
    "orderable_quantities": [],
    "badge_texts": [
      "V trgovini od 07.07."
    ],
    "badge_types": [
      "IN_STORE_FROM_DATE_TODAY"
    ],
    "main_image": "https://imgproxy-retcat.assets.schwarz/cmuvimdmLpOS0IqtgffBo1Cae4XNDX6i4_kH_w9pEs4/sm:1/w:427/h:320/cz/M6Ly9wcm9kLWNhd/GFsb2ctbWVkaWEvc2kvMS8zMUNGNkFCQjU4REY2NTVEM0QwRTBFRDI/wMzA5Q0NBMTA5OTQ3NDQ1MTI3MjgyMkIwMzg0QkRDQUJEMDNCNTZCLmpwZw.jpg",
    "image_list": [
      "https://imgproxy-retcat.assets.schwarz/cmuvimdmLpOS0IqtgffBo1Cae4XNDX6i4_kH_w9pEs4/sm:1/w:427/h:320/cz/M6Ly9wcm9kLWNhd/GFsb2ctbWVkaWEvc2kvMS8zMUNGNkFCQjU4REY2NTVEM0QwRTBFRDI/wMzA5Q0NBMTA5OTQ3NDQ1MTI3MjgyMkIwMzg0QkRDQUJEMDNCNTZCLmpwZw.jpg",
      "https://imgproxy-retcat.assets.schwarz/jSldiJDr24cSTW5hZlv97BB44DHG547_pA60UJuyQAU/sm:1/w:427/h:320/cz/M6Ly9wcm9kLWNhd/GFsb2ctbWVkaWEvc2kvMS85NkNCRTkyRjI1ODdEQzg0MERGMDJGMDA/2NzYzQTgyNjdGMjFEN0Y1QzU0MTk1QkJCNTE2NzZFQ0E1NTE1NjFDLmpwZw.jpg",
      "https://imgproxy-retcat.assets.schwarz/wD_fCqzH4KR1UXE7es94S2tTFAelBjmTDskreGIppcc/sm:1/w:427/h:320/cz/M6Ly9wcm9kLWNhd/GFsb2ctbWVkaWEvc2kvMS81ODlEOUE5NTBDN0JENTAzRTg4NjE0NzE/0QTE1OUM2NjQ0OUUyNTMyNURGQ0IwNkM2ODZCNTJGMDM3RjM5NzEzLmpwZw.jpg"
    ],
    "image_accessibility": "Dva kozarca marmelade, jabolčna in hruškova, znamke Olivo.",
    "detailed_images": [
      {
        "url": "https://imgproxy-retcat.assets.schwarz/cmuvimdmLpOS0IqtgffBo1Cae4XNDX6i4_kH_w9pEs4/sm:1/w:427/h:320/cz/M6Ly9wcm9kLWNhd/GFsb2ctbWVkaWEvc2kvMS8zMUNGNkFCQjU4REY2NTVEM0QwRTBFRDI/wMzA5Q0NBMTA5OTQ3NDQ1MTI3MjgyMkIwMzg0QkRDQUJEMDNCNTZCLmpwZw.jpg",
        "accessibility": "Dva kozarca marmelade, jabolčna in hruškova, znamke Olivo."
      },
      {
        "url": "https://imgproxy-retcat.assets.schwarz/jSldiJDr24cSTW5hZlv97BB44DHG547_pA60UJuyQAU/sm:1/w:427/h:320/cz/M6Ly9wcm9kLWNhd/GFsb2ctbWVkaWEvc2kvMS85NkNCRTkyRjI1ODdEQzg0MERGMDJGMDA/2NzYzQTgyNjdGMjFEN0Y1QzU0MTk1QkJCNTE2NzZFQ0E1NTE1NjFDLmpwZw.jpg",
        "accessibility": "Kozarec marmelade iz hrušk Rocha od La Chinata."
      },
      {
        "url": "https://imgproxy-retcat.assets.schwarz/wD_fCqzH4KR1UXE7es94S2tTFAelBjmTDskreGIppcc/sm:1/w:427/h:320/cz/M6Ly9wcm9kLWNhd/GFsb2ctbWVkaWEvc2kvMS81ODlEOUE5NTBDN0JENTAzRTg4NjE0NzE/0QTE1OUM2NjQ0OUUyNTMyNURGQ0IwNkM2ODZCNTJGMDM3RjM5NzEzLmpwZw.jpg",
        "accessibility": "Kozarček marmelade iz jabolk Doce de Maçã."
      }
    ],
    "analytics_category": "Food",
    "more_details": "Dodatne podrobnosti o izdelku",
    "won_category_primary": "Svetovi potreb/Hrana in bližnja hrana/Džem, marmelada in med",
    "won_category_primary_path": "0/17/1712",
    "canonical_path": "/p/quinta-das-poesias-portugalska-marmelada/p10082277",
    "canonical_url": "/p/quinta-das-poesias-portugalska-marmelada/p10082277",
    "awards": [],
    "seals": [],
    "ribbons": [],
    "highlighted_seals": 0,
    "lidl_plus": [],
    "regions": [],
    "ians": [
      "5909261"
    ],
    "show_brand": true,
    "deal_of_day_active": false,
    "full_title_meta": "QUINTA DAS POESIAS Portugalska marmelada",
    "lists": [
      4986
    ],
    "preview": false,
    "category_breadcrumbs": [
      {
        "id": "10068374",
        "name": "Hrana in pijača",
        "url": "/c/hrana-in-pijaca/s10068374",
        "hidden": false
      },
      {
        "id": "10071684",
        "name": "Džemi in namazi",
        "url": "/h/dzemi-in-namazi/h10071684",
        "hidden": false
      }
    ],
    "campaigns": [
      {
        "id": "Current_Sales_Week",
        "name": "Ta teden",
        "url": null,
        "hidden": false
      },
      {
        "id": "10074825",
        "name": "Navdih iberksega polotoka",
        "url": "/c/navdih-iberksega-polotoka/a10074825",
        "hidden": false
      }
    ],
    "world_of_needs_code": "1712",
    "world_of_needs_name": "Džem, marmelada in med",
    "world_of_needs_parent": "17",
    "is_main_category": true,
    "super_categories": [
      {
        "code": "17",
        "name": "Hrana in bližnja hrana",
        "parent": "0"
      },
      {
        "code": "0",
        "name": "Svetovi potreb",
        "parent": ""
      }
    ],
    "position": 348,
    "tracking_payload": {
      "searchTrackingMasterId": "Product.10082277",
      "searchTrackingTitle": "Portugalska+marmelada",
      "searchTrackingPageSize": 100,
      "searchTrackingPage": 4,
      "searchTrackingEvent": "click",
      "list": "search",
      "searchTrackingId": "Product.10082277",
      "searchTrackingOrigPos": 1,
      "searchTrackingPos": 348,
      "searchTrackingOrigPageSize": 100,
      "searchTrackingChannel": "SI",
      "category": "Food"
    }
  },
  {
    "code": "10082279",
    "name": "Pecivo „Palmeritas“",
    "url": "",
    "result_class": "product",
    "type": "product",
    "product_id": 10082279,
    "erp_number": "10082279",
    "item_id": 10082279,
    "full_title": "SOL&MAR Pecivo „Palmeritas“",
    "title": "Pecivo „Palmeritas“",
    "category": "Food",
    "product_type": "RETAIL",
    "age_restriction": false,
    "is_used_product": false,
    "multipack": false,
    "online": false,
    "store": true,
    "quick_add_to_cart": false,
    "flash_sales": false,
    "having_videos": false,
    "having_threesixty": false,
    "price": 1.49,
    "old_price": 0.0,
    "currency_code": "EUR",
    "currency_symbol": "€",
    "has_star": true,
    "has_vat": false,
    "price_theme": "white_red",
    "variants_have_different_prices": false,
    "base_price_text": "1 kg = 8.28",
    "base_price_prefix": false,
    "packaging_text": "180 g",
    "discount_deleted_price": null,
    "discount_text": null,
    "discount_percentage": null,
    "discount_has_star": null,
    "show_discount": null,
    "show_percentage": null,
    "from_recommended_price": null,
    "availability_indicator": 0,
    "online_available": false,
    "min_orderable_quantity": 1,
    "orderable_quantities": [],
    "badge_texts": [
      "V trgovini od 07.07."
    ],
    "badge_types": [
      "IN_STORE_FROM_DATE_TODAY"
    ],
    "main_image": "https://imgproxy-retcat.assets.schwarz/tsdPhhMxgFdlBvzPy-D-jj4zhe2Osy5ltCiMe3YKCHM/sm:1/w:427/h:320/cz/M6Ly9wcm9kLWNhd/GFsb2ctbWVkaWEvc2kvMS81QjJFMjgwREM0MzEzRkI5NDM0MDkxNDd/GMzMwNzRCNUVFQzIxRTQyNkU5NzgzMzFERTU0NUQ0NzI5MzU3MTVFLmpwZw.jpg",
    "image_list": [
      "https://imgproxy-retcat.assets.schwarz/tsdPhhMxgFdlBvzPy-D-jj4zhe2Osy5ltCiMe3YKCHM/sm:1/w:427/h:320/cz/M6Ly9wcm9kLWNhd/GFsb2ctbWVkaWEvc2kvMS81QjJFMjgwREM0MzEzRkI5NDM0MDkxNDd/GMzMwNzRCNUVFQzIxRTQyNkU5NzgzMzFERTU0NUQ0NzI5MzU3MTVFLmpwZw.jpg"
    ],
    "image_accessibility": "Pakiranje Jože Miler Palmierjev piškotov.",
    "detailed_images": [
      {
        "url": "https://imgproxy-retcat.assets.schwarz/tsdPhhMxgFdlBvzPy-D-jj4zhe2Osy5ltCiMe3YKCHM/sm:1/w:427/h:320/cz/M6Ly9wcm9kLWNhd/GFsb2ctbWVkaWEvc2kvMS81QjJFMjgwREM0MzEzRkI5NDM0MDkxNDd/GMzMwNzRCNUVFQzIxRTQyNkU5NzgzMzFERTU0NUQ0NzI5MzU3MTVFLmpwZw.jpg",
        "accessibility": "Pakiranje Jože Miler Palmierjev piškotov."
      }
    ],
    "analytics_category": "Food",
    "more_details": "Dodatne podrobnosti o izdelku",
    "won_category_primary": "Svetovi potreb/Hrana in bližnja hrana/Prigrizki in slaščice",
    "won_category_primary_path": "0/17/1721",
    "canonical_path": "/p/sol-mar-pecivo-palmeritas/p10082279",
    "canonical_url": "/p/sol-mar-pecivo-palmeritas/p10082279",
    "awards": [],
    "seals": [],
    "ribbons": [],
    "highlighted_seals": 0,
    "lidl_plus": [],
    "regions": [],
    "ians": [
      "5701639"
    ],
    "show_brand": true,
    "deal_of_day_active": false,
    "full_title_meta": "SOL&MAR Pecivo „Palmeritas“",
    "lists": [
      4986
    ],
    "preview": false,
    "category_breadcrumbs": [
      {
        "id": "10068374",
        "name": "Hrana in pijača",
        "url": "/c/hrana-in-pijaca/s10068374",
        "hidden": false
      },
      {
        "id": "10071044",
        "name": "Prigrizki in sladkarije",
        "url": "/h/prigrizki-in-sladkarije/h10071044",
        "hidden": false
      }
    ],
    "campaigns": [
      {
        "id": "Current_Sales_Week",
        "name": "Ta teden",
        "url": null,
        "hidden": false
      },
      {
        "id": "10074825",
        "name": "Navdih iberksega polotoka",
        "url": "/c/navdih-iberksega-polotoka/a10074825",
        "hidden": false
      }
    ],
    "world_of_needs_code": "1721",
    "world_of_needs_name": "Prigrizki in slaščice",
    "world_of_needs_parent": "17",
    "is_main_category": true,
    "super_categories": [
      {
        "code": "17",
        "name": "Hrana in bližnja hrana",
        "parent": "0"
      },
      {
        "code": "0",
        "name": "Svetovi potreb",
        "parent": ""
      }
    ],
    "position": 349,
    "tracking_payload": {
      "searchTrackingMasterId": "Product.10082279",
      "searchTrackingTitle": "Pecivo+%E2%80%9EPalmeritas%E2%80%9C",
      "searchTrackingPageSize": 100,
      "searchTrackingPage": 4,
      "searchTrackingEvent": "click",
      "list": "search",
      "searchTrackingId": "Product.10082279",
      "searchTrackingOrigPos": 1,
      "searchTrackingPos": 349,
      "searchTrackingOrigPageSize": 100,
      "searchTrackingChannel": "SI",
      "category": "Food"
    }
  },
  {
    "code": "10082281",
    "name": "Sok iz klementin",
    "url": "",
    "result_class": "product",
    "type": "product",
    "product_id": 10082281,
    "erp_number": "10082281",
    "item_id": 10082281,
    "full_title": "SOL&MAR Sok iz klementin",
    "title": "Sok iz klementin",
    "category": "Food",
    "product_type": "RETAIL",
    "age_restriction": false,
    "is_used_product": false,
    "multipack": false,
    "online": false,
    "store": true,
    "quick_add_to_cart": false,
    "flash_sales": false,
    "having_videos": false,
    "having_threesixty": false,
    "price": 1.79,
    "old_price": 0.0,
    "currency_code": "EUR",
    "currency_symbol": "€",
    "has_star": true,
    "has_vat": false,
    "price_theme": "white_red",
    "variants_have_different_prices": false,
    "base_price_text": "1 l = 2.39",
    "base_price_prefix": false,
    "packaging_text": "750 ml",
    "discount_deleted_price": null,
    "discount_text": null,
    "discount_percentage": null,
    "discount_has_star": null,
    "show_discount": null,
    "show_percentage": null,
    "from_recommended_price": null,
    "availability_indicator": 0,
    "online_available": false,
    "min_orderable_quantity": 1,
    "orderable_quantities": [],
    "badge_texts": [
      "V trgovini od 07.07."
    ],
    "badge_types": [
      "IN_STORE_FROM_DATE_TODAY"
    ],
    "main_image": "https://imgproxy-retcat.assets.schwarz/vBNf7TyCkP4YVsVsCyQm9XnZ-_X3dicHWlwtq5xeT-s/sm:1/w:427/h:320/cz/M6Ly9wcm9kLWNhd/GFsb2ctbWVkaWEvc2kvMS9EMzQyQTVGRDQxNzkwRDNDMTE3MkNCMDJ/EODJGNDNCMzZGREM3NUY2NDgyMTY1OTRBRTM4MkIxNEM1NTVCM0YzLmpwZw.jpg",
    "image_list": [
      "https://imgproxy-retcat.assets.schwarz/vBNf7TyCkP4YVsVsCyQm9XnZ-_X3dicHWlwtq5xeT-s/sm:1/w:427/h:320/cz/M6Ly9wcm9kLWNhd/GFsb2ctbWVkaWEvc2kvMS9EMzQyQTVGRDQxNzkwRDNDMTE3MkNCMDJ/EODJGNDNCMzZGREM3NUY2NDgyMTY1OTRBRTM4MkIxNEM1NTVCM0YzLmpwZw.jpg"
    ],
    "image_accessibility": "Steklenica pomarančnega soka blagovne znamke Del Monte.",
    "detailed_images": [
      {
        "url": "https://imgproxy-retcat.assets.schwarz/vBNf7TyCkP4YVsVsCyQm9XnZ-_X3dicHWlwtq5xeT-s/sm:1/w:427/h:320/cz/M6Ly9wcm9kLWNhd/GFsb2ctbWVkaWEvc2kvMS9EMzQyQTVGRDQxNzkwRDNDMTE3MkNCMDJ/EODJGNDNCMzZGREM3NUY2NDgyMTY1OTRBRTM4MkIxNEM1NTVCM0YzLmpwZw.jpg",
        "accessibility": "Steklenica pomarančnega soka blagovne znamke Del Monte."
      }
    ],
    "analytics_category": "Food",
    "more_details": "Dodatne podrobnosti o izdelku",
    "won_category_primary": "Svetovi potreb/Hrana in bližnja hrana/Pijače",
    "won_category_primary_path": "0/17/1720",
    "canonical_path": "/p/sol-mar-sok-iz-klementin/p10082281",
    "canonical_url": "/p/sol-mar-sok-iz-klementin/p10082281",
    "awards": [],
    "seals": [
      {
        "altText": "Veganski znak V-Label International.",
        "image": "https://imgproxy-retcat.assets.schwarz/ISLamvPk8hk69l-VadCrdVW2krGoAe5YiNwWvgfLhC8/sm:1/w:140/cz/M6Ly9wcm9kLWNhd/GFsb2ctbWVkaWEvc2kvMi9BRDRDNEYxMzQwRDI3OTU2NEY5NzNFN0M/3M0UzQjk3ODM5OEQ5QTAxRTlDREVEOEY4MjRBRjBCNTBCMzI1M0EzLnBuZw.png"
      },
      {
        "altText": "Nalepka: Hlajeno",
        "image": "https://imgproxy-retcat.assets.schwarz/7x3Iby7aD19hFySDnP2YoXt7E1r0JrvJVj0QO1gUOes/sm:1/w:140/cz/M6Ly9wcm9kLWNhd/GFsb2ctbWVkaWEvc2kvMi8xMzFBN0E2RDlCREZGREQxOEE2OTFDNEZ/FNDE5RTM0QUMxQjY4OEQ0OUY2QTAxMTRDRjQ1RjdCNTNDRjM2NUJBLnBuZw.png"
      }
    ],
    "ribbons": [],
    "highlighted_seals": 0,
    "lidl_plus": [],
    "regions": [],
    "ians": [
      "154729"
    ],
    "show_brand": true,
    "deal_of_day_active": false,
    "full_title_meta": "SOL&MAR Sok iz klementin",
    "lists": [
      4986
    ],
    "preview": false,
    "category_breadcrumbs": [
      {
        "id": "10068374",
        "name": "Hrana in pijača",
        "url": "/c/hrana-in-pijaca/s10068374",
        "hidden": false
      },
      {
        "id": "10071022",
        "name": "Pijače",
        "url": "/h/pijace/h10071022",
        "hidden": false
      }
    ],
    "campaigns": [
      {
        "id": "Current_Sales_Week",
        "name": "Ta teden",
        "url": null,
        "hidden": false
      },
      {
        "id": "10074825",
        "name": "Navdih iberksega polotoka",
        "url": "/c/navdih-iberksega-polotoka/a10074825",
        "hidden": false
      }
    ],
    "world_of_needs_code": "1720",
    "world_of_needs_name": "Pijače",
    "world_of_needs_parent": "17",
    "is_main_category": true,
    "super_categories": [
      {
        "code": "17",
        "name": "Hrana in bližnja hrana",
        "parent": "0"
      },
      {
        "code": "0",
        "name": "Svetovi potreb",
        "parent": ""
      }
    ],
    "position": 350,
    "tracking_payload": {
      "searchTrackingMasterId": "Product.10082281",
      "searchTrackingTitle": "Sok+iz+klementin",
      "searchTrackingPageSize": 100,
      "searchTrackingPage": 4,
      "searchTrackingEvent": "click",
      "list": "search",
      "searchTrackingId": "Product.10082281",
      "searchTrackingOrigPos": 1,
      "searchTrackingPos": 350,
      "searchTrackingOrigPageSize": 100,
      "searchTrackingChannel": "SI",
      "category": "Food"
    }
  },
  {
    "code": "10082283",
    "name": "Pecivo „Palmeritas“",
    "url": "",
    "result_class": "product",
    "type": "product",
    "product_id": 10082283,
    "erp_number": "10082283",
    "item_id": 10082283,
    "full_title": "SOL&MAR Pecivo „Palmeritas“",
    "title": "Pecivo „Palmeritas“",
    "category": "Food",
    "product_type": "RETAIL",
    "age_restriction": false,
    "is_used_product": false,
    "multipack": false,
    "online": false,
    "store": true,
    "quick_add_to_cart": false,
    "flash_sales": false,
    "having_videos": false,
    "having_threesixty": false,
    "price": 2.49,
    "old_price": 0.0,
    "currency_code": "EUR",
    "currency_symbol": "€",
    "has_star": true,
    "has_vat": false,
    "price_theme": "white_red",
    "variants_have_different_prices": false,
    "base_price_text": "1 kg = 7.66",
    "base_price_prefix": false,
    "packaging_text": "325 g",
    "discount_deleted_price": null,
    "discount_text": null,
    "discount_percentage": null,
    "discount_has_star": null,
    "show_discount": null,
    "show_percentage": null,
    "from_recommended_price": null,
    "availability_indicator": 0,
    "online_available": false,
    "min_orderable_quantity": 1,
    "orderable_quantities": [],
    "badge_texts": [
      "V trgovini od 07.07."
    ],
    "badge_types": [
      "IN_STORE_FROM_DATE_TODAY"
    ],
    "main_image": "https://imgproxy-retcat.assets.schwarz/Wf3uhsyj7D9SfmxzXOmv249M0wYK1s_PdmhBe5gPxxk/sm:1/w:427/h:320/cz/M6Ly9wcm9kLWNhd/GFsb2ctbWVkaWEvc2kvMS81NjY2NUVGMjQ0MjdEQTdEMzc1QUVEMDd/GODc5RkQ1OUI5QzNBQzdFNjhGMkQ3OTAxRjBERDE1QkFCQkZGNjdELmpwZw.jpg",
    "image_list": [
      "https://imgproxy-retcat.assets.schwarz/Wf3uhsyj7D9SfmxzXOmv249M0wYK1s_PdmhBe5gPxxk/sm:1/w:427/h:320/cz/M6Ly9wcm9kLWNhd/GFsb2ctbWVkaWEvc2kvMS81NjY2NUVGMjQ0MjdEQTdEMzc1QUVEMDd/GODc5RkQ1OUI5QzNBQzdFNjhGMkQ3OTAxRjBERDE1QkFCQkZGNjdELmpwZw.jpg"
    ],
    "image_accessibility": "Pakiranje čokoladnih Palmierjev Delavi.",
    "detailed_images": [
      {
        "url": "https://imgproxy-retcat.assets.schwarz/Wf3uhsyj7D9SfmxzXOmv249M0wYK1s_PdmhBe5gPxxk/sm:1/w:427/h:320/cz/M6Ly9wcm9kLWNhd/GFsb2ctbWVkaWEvc2kvMS81NjY2NUVGMjQ0MjdEQTdEMzc1QUVEMDd/GODc5RkQ1OUI5QzNBQzdFNjhGMkQ3OTAxRjBERDE1QkFCQkZGNjdELmpwZw.jpg",
        "accessibility": "Pakiranje čokoladnih Palmierjev Delavi."
      }
    ],
    "analytics_category": "Food",
    "more_details": "Dodatne podrobnosti o izdelku",
    "won_category_primary": "Svetovi potreb/Hrana in bližnja hrana/Prigrizki in slaščice",
    "won_category_primary_path": "0/17/1721",
    "canonical_path": "/p/sol-mar-pecivo-palmeritas/p10082283",
    "canonical_url": "/p/sol-mar-pecivo-palmeritas/p10082283",
    "awards": [],
    "seals": [],
    "ribbons": [],
    "highlighted_seals": 0,
    "lidl_plus": [],
    "regions": [],
    "ians": [
      "5705499"
    ],
    "show_brand": true,
    "deal_of_day_active": false,
    "full_title_meta": "SOL&MAR Pecivo „Palmeritas“",
    "lists": [
      4986
    ],
    "preview": false,
    "category_breadcrumbs": [
      {
        "id": "10068374",
        "name": "Hrana in pijača",
        "url": "/c/hrana-in-pijaca/s10068374",
        "hidden": false
      },
      {
        "id": "10071044",
        "name": "Prigrizki in sladkarije",
        "url": "/h/prigrizki-in-sladkarije/h10071044",
        "hidden": false
      }
    ],
    "campaigns": [
      {
        "id": "Current_Sales_Week",
        "name": "Ta teden",
        "url": null,
        "hidden": false
      },
      {
        "id": "10074825",
        "name": "Navdih iberksega polotoka",
        "url": "/c/navdih-iberksega-polotoka/a10074825",
        "hidden": false
      }
    ],
    "world_of_needs_code": "1721",
    "world_of_needs_name": "Prigrizki in slaščice",
    "world_of_needs_parent": "17",
    "is_main_category": true,
    "super_categories": [
      {
        "code": "17",
        "name": "Hrana in bližnja hrana",
        "parent": "0"
      },
      {
        "code": "0",
        "name": "Svetovi potreb",
        "parent": ""
      }
    ],
    "position": 351,
    "tracking_payload": {
      "searchTrackingMasterId": "Product.10082283",
      "searchTrackingTitle": "Pecivo+%E2%80%9EPalmeritas%E2%80%9C",
      "searchTrackingPageSize": 100,
      "searchTrackingPage": 4,
      "searchTrackingEvent": "click",
      "list": "search",
      "searchTrackingId": "Product.10082283",
      "searchTrackingOrigPos": 1,
      "searchTrackingPos": 351,
      "searchTrackingOrigPageSize": 100,
      "searchTrackingChannel": "SI",
      "category": "Food"
    }
  },
  {
    "code": "10082285",
    "name": "Česnova omaka „Aioli“",
    "url": "",
    "result_class": "product",
    "type": "product",
    "product_id": 10082285,
    "erp_number": "10082285",
    "item_id": 10082285,
    "full_title": "SOL&MAR Česnova omaka „Aioli“",
    "title": "Česnova omaka „Aioli“",
    "category": "Food",
    "product_type": "RETAIL",
    "age_restriction": false,
    "is_used_product": false,
    "multipack": false,
    "online": false,
    "store": true,
    "quick_add_to_cart": false,
    "flash_sales": false,
    "having_videos": false,
    "having_threesixty": false,
    "price": 1.19,
    "old_price": 0.0,
    "currency_code": "EUR",
    "currency_symbol": "€",
    "has_star": true,
    "has_vat": false,
    "price_theme": "white_red",
    "variants_have_different_prices": false,
    "base_price_text": "1 kg = 5.95",
    "base_price_prefix": false,
    "packaging_text": "200 g",
    "discount_deleted_price": null,
    "discount_text": null,
    "discount_percentage": null,
    "discount_has_star": null,
    "show_discount": null,
    "show_percentage": null,
    "from_recommended_price": null,
    "availability_indicator": 0,
    "online_available": false,
    "min_orderable_quantity": 1,
    "orderable_quantities": [],
    "badge_texts": [
      "V trgovini od 07.07."
    ],
    "badge_types": [
      "IN_STORE_FROM_DATE_TODAY"
    ],
    "main_image": "https://imgproxy-retcat.assets.schwarz/4UcOTbZJMD31crr-vhS_wrBxIJY1mvEy4cXHUEbtzkM/sm:1/w:427/h:320/cz/M6Ly9wcm9kLWNhd/GFsb2ctbWVkaWEvc2kvMS81RTE2QTJDNkZBOUVCNzQ0RjZEOUZFMTk/1REZENkE2REUxOUI5QTY0MUVDMzFBRDU1NzM0MEUzMzcyRjUzQjEyLmpwZw.jpg",
    "image_list": [
      "https://imgproxy-retcat.assets.schwarz/4UcOTbZJMD31crr-vhS_wrBxIJY1mvEy4cXHUEbtzkM/sm:1/w:427/h:320/cz/M6Ly9wcm9kLWNhd/GFsb2ctbWVkaWEvc2kvMS81RTE2QTJDNkZBOUVCNzQ0RjZEOUZFMTk/1REZENkE2REUxOUI5QTY0MUVDMzFBRDU1NzM0MEUzMzcyRjUzQjEyLmpwZw.jpg"
    ],
    "image_accessibility": "Solé Mir veganska aiolij omaka v posodici.",
    "detailed_images": [
      {
        "url": "https://imgproxy-retcat.assets.schwarz/4UcOTbZJMD31crr-vhS_wrBxIJY1mvEy4cXHUEbtzkM/sm:1/w:427/h:320/cz/M6Ly9wcm9kLWNhd/GFsb2ctbWVkaWEvc2kvMS81RTE2QTJDNkZBOUVCNzQ0RjZEOUZFMTk/1REZENkE2REUxOUI5QTY0MUVDMzFBRDU1NzM0MEUzMzcyRjUzQjEyLmpwZw.jpg",
        "accessibility": "Solé Mir veganska aiolij omaka v posodici."
      }
    ],
    "analytics_category": "Food",
    "more_details": "Dodatne podrobnosti o izdelku",
    "won_category_primary": "Svetovi potreb/Hrana in bližnja hrana/Začimbe, gorčica in omake",
    "won_category_primary_path": "0/17/1736",
    "canonical_path": "/p/sol-mar-cesnova-omaka-aioli/p10082285",
    "canonical_url": "/p/sol-mar-cesnova-omaka-aioli/p10082285",
    "awards": [],
    "seals": [
      {
        "altText": "Nalepka: Hlajeno",
        "image": "https://imgproxy-retcat.assets.schwarz/7x3Iby7aD19hFySDnP2YoXt7E1r0JrvJVj0QO1gUOes/sm:1/w:140/cz/M6Ly9wcm9kLWNhd/GFsb2ctbWVkaWEvc2kvMi8xMzFBN0E2RDlCREZGREQxOEE2OTFDNEZ/FNDE5RTM0QUMxQjY4OEQ0OUY2QTAxMTRDRjQ1RjdCNTNDRjM2NUJBLnBuZw.png"
      },
      {
        "altText": "Mednarodni vegetarijanski certifikat V-Label.",
        "image": "https://imgproxy-retcat.assets.schwarz/PVSsxl47izI214GTxA97K6suI8Nv85waqE7IRv5NeMI/sm:1/w:140/cz/M6Ly9wcm9kLWNhd/GFsb2ctbWVkaWEvc2kvMi8zNTBDN0M1RjQzMEYzRTZDODdDNTg1MDc/3Nzk4QTRGMDA5MkFFODI5QjI2RTEwRUUzQTM1MEYzOTU3MzQ5OUM4LnBuZw.png"
      }
    ],
    "ribbons": [],
    "highlighted_seals": 0,
    "lidl_plus": [],
    "regions": [],
    "ians": [
      "39239"
    ],
    "show_brand": true,
    "deal_of_day_active": false,
    "full_title_meta": "SOL&MAR Česnova omaka „Aioli“",
    "lists": [
      4986
    ],
    "preview": false,
    "category_breadcrumbs": [
      {
        "id": "10068374",
        "name": "Hrana in pijača",
        "url": "/c/hrana-in-pijaca/s10068374",
        "hidden": false
      },
      {
        "id": "10071682",
        "name": "Začimbe, gorčica in omake",
        "url": "/h/zacimbe-gorcica-in-omake/h10071682",
        "hidden": false
      }
    ],
    "campaigns": [
      {
        "id": "Current_Sales_Week",
        "name": "Ta teden",
        "url": null,
        "hidden": false
      },
      {
        "id": "10074825",
        "name": "Navdih iberksega polotoka",
        "url": "/c/navdih-iberksega-polotoka/a10074825",
        "hidden": false
      }
    ],
    "world_of_needs_code": "1736",
    "world_of_needs_name": "Začimbe, gorčica in omake",
    "world_of_needs_parent": "17",
    "is_main_category": true,
    "super_categories": [
      {
        "code": "17",
        "name": "Hrana in bližnja hrana",
        "parent": "0"
      },
      {
        "code": "0",
        "name": "Svetovi potreb",
        "parent": ""
      }
    ],
    "position": 352,
    "tracking_payload": {
      "searchTrackingMasterId": "Product.10082285",
      "searchTrackingTitle": "%C4%8Cesnova+omaka+%E2%80%9EAioli%E2%80%9C",
      "searchTrackingPageSize": 100,
      "searchTrackingPage": 4,
      "searchTrackingEvent": "click",
      "list": "search",
      "searchTrackingId": "Product.10082285",
      "searchTrackingOrigPos": 1,
      "searchTrackingPos": 352,
      "searchTrackingOrigPageSize": 100,
      "searchTrackingChannel": "SI",
      "category": "Food"
    }
  },
  {
    "code": "10082287",
    "name": "Zelenjavna juha „Gazpacho“",
    "url": "",
    "result_class": "product",
    "type": "product",
    "product_id": 10082287,
    "erp_number": "10082287",
    "item_id": 10082287,
    "full_title": "SOL&MAR Zelenjavna juha „Gazpacho“",
    "title": "Zelenjavna juha „Gazpacho“",
    "category": "Food",
    "product_type": "RETAIL",
    "age_restriction": false,
    "is_used_product": false,
    "multipack": false,
    "online": false,
    "store": true,
    "quick_add_to_cart": false,
    "flash_sales": false,
    "having_videos": false,
    "having_threesixty": false,
    "price": 1.99,
    "old_price": 0.0,
    "currency_code": "EUR",
    "currency_symbol": "€",
    "has_star": true,
    "has_vat": false,
    "price_theme": "white_red",
    "variants_have_different_prices": false,
    "base_price_text": null,
    "base_price_prefix": null,
    "packaging_text": "1 l",
    "discount_deleted_price": null,
    "discount_text": null,
    "discount_percentage": null,
    "discount_has_star": null,
    "show_discount": null,
    "show_percentage": null,
    "from_recommended_price": null,
    "availability_indicator": 0,
    "online_available": false,
    "min_orderable_quantity": 1,
    "orderable_quantities": [],
    "badge_texts": [
      "V trgovini od 07.07."
    ],
    "badge_types": [
      "IN_STORE_FROM_DATE_TODAY"
    ],
    "main_image": "https://imgproxy-retcat.assets.schwarz/16wWq4EMN4OJbVn4dr85C5yC12dheYMC1NhcdzjoDsQ/sm:1/w:427/h:320/cz/M6Ly9wcm9kLWNhd/GFsb2ctbWVkaWEvc2kvMS80OTRDQUI3NDZBNkFGQUJDRkNBMTk5MDQ/xREU2MDhGOEU3RjkzNjZERjVGQkFBMjI2MUJGQkM1NUZENTBBRDk5LmpwZw.jpg",
    "image_list": [
      "https://imgproxy-retcat.assets.schwarz/16wWq4EMN4OJbVn4dr85C5yC12dheYMC1NhcdzjoDsQ/sm:1/w:427/h:320/cz/M6Ly9wcm9kLWNhd/GFsb2ctbWVkaWEvc2kvMS80OTRDQUI3NDZBNkFGQUJDRkNBMTk5MDQ/xREU2MDhGOEU3RjkzNjZERjVGQkFBMjI2MUJGQkM1NUZENTBBRDk5LmpwZw.jpg"
    ],
    "image_accessibility": "Pakiranje Juhe Vegeta z zelenjavo.",
    "detailed_images": [
      {
        "url": "https://imgproxy-retcat.assets.schwarz/16wWq4EMN4OJbVn4dr85C5yC12dheYMC1NhcdzjoDsQ/sm:1/w:427/h:320/cz/M6Ly9wcm9kLWNhd/GFsb2ctbWVkaWEvc2kvMS80OTRDQUI3NDZBNkFGQUJDRkNBMTk5MDQ/xREU2MDhGOEU3RjkzNjZERjVGQkFBMjI2MUJGQkM1NUZENTBBRDk5LmpwZw.jpg",
        "accessibility": "Pakiranje Juhe Vegeta z zelenjavo."
      }
    ],
    "analytics_category": "Food",
    "more_details": "Dodatne podrobnosti o izdelku",
    "won_category_primary": "Svetovi potreb/Hrana in bližnja hrana/Pripravljene jedi (razen zamrznjene pice itd. in pekovskih izdelkov)",
    "won_category_primary_path": "0/17/1711",
    "canonical_path": "/p/sol-mar-zelenjavna-juha-gazpacho/p10082287",
    "canonical_url": "/p/sol-mar-zelenjavna-juha-gazpacho/p10082287",
    "awards": [],
    "seals": [
      {
        "altText": "Nalepka: Hlajeno",
        "image": "https://imgproxy-retcat.assets.schwarz/7x3Iby7aD19hFySDnP2YoXt7E1r0JrvJVj0QO1gUOes/sm:1/w:140/cz/M6Ly9wcm9kLWNhd/GFsb2ctbWVkaWEvc2kvMi8xMzFBN0E2RDlCREZGREQxOEE2OTFDNEZ/FNDE5RTM0QUMxQjY4OEQ0OUY2QTAxMTRDRjQ1RjdCNTNDRjM2NUJBLnBuZw.png"
      }
    ],
    "ribbons": [],
    "highlighted_seals": 0,
    "lidl_plus": [],
    "regions": [],
    "ians": [
      "5701876"
    ],
    "show_brand": true,
    "deal_of_day_active": false,
    "full_title_meta": "SOL&MAR Zelenjavna juha „Gazpacho“",
    "lists": [
      4986
    ],
    "preview": false,
    "category_breadcrumbs": [
      {
        "id": "10068374",
        "name": "Hrana in pijača",
        "url": "/c/hrana-in-pijaca/s10068374",
        "hidden": false
      },
      {
        "id": "10071020",
        "name": "Gotove jed",
        "url": "/h/gotove-jed/h10071020",
        "hidden": false
      }
    ],
    "campaigns": [
      {
        "id": "Current_Sales_Week",
        "name": "Ta teden",
        "url": null,
        "hidden": false
      },
      {
        "id": "10074825",
        "name": "Navdih iberksega polotoka",
        "url": "/c/navdih-iberksega-polotoka/a10074825",
        "hidden": false
      }
    ],
    "world_of_needs_code": "1711",
    "world_of_needs_name": "Pripravljene jedi (razen zamrznjene pice itd. in pekovskih izdelkov)",
    "world_of_needs_parent": "17",
    "is_main_category": true,
    "super_categories": [
      {
        "code": "17",
        "name": "Hrana in bližnja hrana",
        "parent": "0"
      },
      {
        "code": "0",
        "name": "Svetovi potreb",
        "parent": ""
      }
    ],
    "position": 353,
    "tracking_payload": {
      "searchTrackingMasterId": "Product.10082287",
      "searchTrackingTitle": "Zelenjavna+juha+%E2%80%9EGazpacho%E2%80%9C",
      "searchTrackingPageSize": 100,
      "searchTrackingPage": 4,
      "searchTrackingEvent": "click",
      "list": "search",
      "searchTrackingId": "Product.10082287",
      "searchTrackingOrigPos": 1,
      "searchTrackingPos": 353,
      "searchTrackingOrigPageSize": 100,
      "searchTrackingChannel": "SI",
      "category": "Food"
    }
  },
  {
    "code": "10082289",
    "name": "Španski tapas narezek",
    "url": "",
    "result_class": "product",
    "type": "product",
    "product_id": 10082289,
    "erp_number": "10082289",
    "item_id": 10082289,
    "full_title": "SOL&MAR Španski tapas narezek",
    "title": "Španski tapas narezek",
    "category": "Food",
    "product_type": "RETAIL",
    "age_restriction": false,
    "is_used_product": false,
    "multipack": false,
    "online": false,
    "store": true,
    "quick_add_to_cart": false,
    "flash_sales": false,
    "having_videos": false,
    "having_threesixty": false,
    "price": 2.99,
    "old_price": 0.0,
    "currency_code": "EUR",
    "currency_symbol": "€",
    "has_star": true,
    "has_vat": false,
    "price_theme": "white_red",
    "variants_have_different_prices": false,
    "base_price_text": "1 kg = 29.90",
    "base_price_prefix": false,
    "packaging_text": "100 g",
    "discount_deleted_price": null,
    "discount_text": "ZGRABITE PRILOŽNOST!",
    "discount_percentage": null,
    "discount_has_star": false,
    "show_discount": false,
    "show_percentage": false,
    "from_recommended_price": false,
    "availability_indicator": 0,
    "online_available": false,
    "min_orderable_quantity": 1,
    "orderable_quantities": [],
    "badge_texts": [
      "V trgovini od 07.07."
    ],
    "badge_types": [
      "IN_STORE_FROM_DATE_TODAY"
    ],
    "main_image": "https://imgproxy-retcat.assets.schwarz/lw3IFqb6BmXUQGKXH2OPIKti6EeZsQN_bVQrQtmvJhI/sm:1/w:427/h:320/cz/M6Ly9wcm9kLWNhd/GFsb2ctbWVkaWEvc2kvMS84MkE4QUYxNUE1RkUzOThCQUJFMkFBQzN/ENTkzMTIzNUI1MEQ3OEE3RjBFN0ZDNzM4MkE5MkNDRTI1RUMwRUE2LmpwZw.jpg",
    "image_list": [
      "https://imgproxy-retcat.assets.schwarz/lw3IFqb6BmXUQGKXH2OPIKti6EeZsQN_bVQrQtmvJhI/sm:1/w:427/h:320/cz/M6Ly9wcm9kLWNhd/GFsb2ctbWVkaWEvc2kvMS84MkE4QUYxNUE1RkUzOThCQUJFMkFBQzN/ENTkzMTIzNUI1MEQ3OEE3RjBFN0ZDNzM4MkE5MkNDRTI1RUMwRUE2LmpwZw.jpg"
    ],
    "image_accessibility": "Vakuumsko pakirana mešana narezana šunka in chorizo, znamka Selex.",
    "detailed_images": [
      {
        "url": "https://imgproxy-retcat.assets.schwarz/lw3IFqb6BmXUQGKXH2OPIKti6EeZsQN_bVQrQtmvJhI/sm:1/w:427/h:320/cz/M6Ly9wcm9kLWNhd/GFsb2ctbWVkaWEvc2kvMS84MkE4QUYxNUE1RkUzOThCQUJFMkFBQzN/ENTkzMTIzNUI1MEQ3OEE3RjBFN0ZDNzM4MkE5MkNDRTI1RUMwRUE2LmpwZw.jpg",
        "accessibility": "Vakuumsko pakirana mešana narezana šunka in chorizo, znamka Selex."
      }
    ],
    "analytics_category": "Food",
    "more_details": "Dodatne podrobnosti o izdelku",
    "won_category_primary": "Svetovi potreb/Hrana in bližnja hrana/Pripravljene jedi (razen zamrznjene pice itd. in pekovskih izdelkov)",
    "won_category_primary_path": "0/17/1711",
    "canonical_path": "/p/sol-mar-spanski-tapas-narezek/p10082289",
    "canonical_url": "/p/sol-mar-spanski-tapas-narezek/p10082289",
    "awards": [],
    "seals": [
      {
        "altText": "Tradicionalna kakovost, zaščiten geografski izvor.",
        "image": "https://imgproxy-retcat.assets.schwarz/D08cPki8ucvgCWDIeBerqJ9adHzT8PsA_d1IQBDwX1I/sm:1/w:140/cz/M6Ly9wcm9kLWNhd/GFsb2ctbWVkaWEvc2kvMi8zNTU4RDhFODlGRkEwRTNFRjlFQjdEMTB/FM0ExNTcwMDg1ODNDQTE2NDZDMzg3MDc4RjgwMzYwOUQxNDlGQjlELnBuZw.png"
      },
      {
        "altText": "Nalepka: Hlajeno",
        "image": "https://imgproxy-retcat.assets.schwarz/7x3Iby7aD19hFySDnP2YoXt7E1r0JrvJVj0QO1gUOes/sm:1/w:140/cz/M6Ly9wcm9kLWNhd/GFsb2ctbWVkaWEvc2kvMi8xMzFBN0E2RDlCREZGREQxOEE2OTFDNEZ/FNDE5RTM0QUMxQjY4OEQ0OUY2QTAxMTRDRjQ1RjdCNTNDRjM2NUJBLnBuZw.png"
      }
    ],
    "ribbons": [],
    "highlighted_seals": 0,
    "lidl_plus": [],
    "regions": [],
    "ians": [
      "119161"
    ],
    "show_brand": true,
    "deal_of_day_active": false,
    "full_title_meta": "SOL&MAR Španski tapas narezek",
    "lists": [
      4986
    ],
    "preview": false,
    "category_breadcrumbs": [
      {
        "id": "10068374",
        "name": "Hrana in pijača",
        "url": "/c/hrana-in-pijaca/s10068374",
        "hidden": false
      },
      {
        "id": "10071020",
        "name": "Gotove jed",
        "url": "/h/gotove-jed/h10071020",
        "hidden": false
      }
    ],
    "campaigns": [
      {
        "id": "Current_Sales_Week",
        "name": "Ta teden",
        "url": null,
        "hidden": false
      },
      {
        "id": "10074825",
        "name": "Navdih iberksega polotoka",
        "url": "/c/navdih-iberksega-polotoka/a10074825",
        "hidden": false
      }
    ],
    "world_of_needs_code": "1711",
    "world_of_needs_name": "Pripravljene jedi (razen zamrznjene pice itd. in pekovskih izdelkov)",
    "world_of_needs_parent": "17",
    "is_main_category": true,
    "super_categories": [
      {
        "code": "17",
        "name": "Hrana in bližnja hrana",
        "parent": "0"
      },
      {
        "code": "0",
        "name": "Svetovi potreb",
        "parent": ""
      }
    ],
    "position": 354,
    "tracking_payload": {
      "searchTrackingMasterId": "Product.10082289",
      "searchTrackingTitle": "%C5%A0panski+tapas+narezek",
      "searchTrackingPageSize": 100,
      "searchTrackingPage": 4,
      "searchTrackingEvent": "click",
      "list": "search",
      "searchTrackingId": "Product.10082289",
      "searchTrackingOrigPos": 1,
      "searchTrackingPos": 354,
      "searchTrackingOrigPageSize": 100,
      "searchTrackingChannel": "SI",
      "category": "Food"
    }
  },
  {
    "code": "10082291",
    "name": "Snack klobasice",
    "url": "",
    "result_class": "product",
    "type": "product",
    "product_id": 10082291,
    "erp_number": "10082291",
    "item_id": 10082291,
    "full_title": "SOL&MAR Snack klobasice",
    "title": "Snack klobasice",
    "category": "Food",
    "product_type": "RETAIL",
    "age_restriction": false,
    "is_used_product": false,
    "multipack": false,
    "online": false,
    "store": true,
    "quick_add_to_cart": false,
    "flash_sales": false,
    "having_videos": false,
    "having_threesixty": false,
    "price": 1.19,
    "old_price": 0.0,
    "currency_code": "EUR",
    "currency_symbol": "€",
    "has_star": true,
    "has_vat": false,
    "price_theme": "white_red",
    "variants_have_different_prices": false,
    "base_price_text": "1 kg = 14.88",
    "base_price_prefix": false,
    "packaging_text": "80 g",
    "discount_deleted_price": null,
    "discount_text": null,
    "discount_percentage": null,
    "discount_has_star": null,
    "show_discount": null,
    "show_percentage": null,
    "from_recommended_price": null,
    "availability_indicator": 0,
    "online_available": false,
    "min_orderable_quantity": 1,
    "orderable_quantities": [],
    "badge_texts": [
      "V trgovini od 07.07."
    ],
    "badge_types": [
      "IN_STORE_FROM_DATE_TODAY"
    ],
    "main_image": "https://imgproxy-retcat.assets.schwarz/bqdvcOa92J3kjkdxZVtDH9UJnCSBocM_UTUcC3RsK0c/sm:1/w:427/h:320/cz/M6Ly9wcm9kLWNhd/GFsb2ctbWVkaWEvc2kvMS9GODJGREE2MTUxQzhFNTRGNzM3NkZGNzJ/EQjlFMEJBQzZFQkVDMzVENjhFNEU2RUJEQjI0REFCNzdGNUYxNDA3LmpwZw.jpg",
    "image_list": [
      "https://imgproxy-retcat.assets.schwarz/bqdvcOa92J3kjkdxZVtDH9UJnCSBocM_UTUcC3RsK0c/sm:1/w:427/h:320/cz/M6Ly9wcm9kLWNhd/GFsb2ctbWVkaWEvc2kvMS9GODJGREE2MTUxQzhFNTRGNzM3NkZGNzJ/EQjlFMEJBQzZFQkVDMzVENjhFNEU2RUJEQjI0REFCNzdGNUYxNDA3LmpwZw.jpg",
      "https://imgproxy-retcat.assets.schwarz/X-ldoMUJRbLrwXfp8kt1snYnEY4C2412P7qaxRsUNHo/sm:1/w:427/h:320/cz/M6Ly9wcm9kLWNhd/GFsb2ctbWVkaWEvc2kvMS9EMzZBMDc4NEI1MDI0NEYwNjRFNUNBQzl/GRjI4Nzg0REFDQUNDNzQ4NkU2NDY5NDJERjgwNzc5QTAxODc5MUNELmpwZw.jpg",
      "https://imgproxy-retcat.assets.schwarz/T3PLPabL4kQEc69v1GDNo4BKpyNkTvUaB4rRdZAAVzk/sm:1/w:427/h:320/cz/M6Ly9wcm9kLWNhd/GFsb2ctbWVkaWEvc2kvMS9BQzg1NDJFOUE1RUM4NDFDQkY3ODc5MTM/5RENCMUUwM0ZEOTU0NUQ4RDYwMDI1OTNCMzdEODRFRjQwODVEMTIxLmpwZw.jpg"
    ],
    "image_accessibility": "Dve embalaži salam Baldo, ena z zelenim in ena z vijoličnim ozadjem.",
    "detailed_images": [
      {
        "url": "https://imgproxy-retcat.assets.schwarz/bqdvcOa92J3kjkdxZVtDH9UJnCSBocM_UTUcC3RsK0c/sm:1/w:427/h:320/cz/M6Ly9wcm9kLWNhd/GFsb2ctbWVkaWEvc2kvMS9GODJGREE2MTUxQzhFNTRGNzM3NkZGNzJ/EQjlFMEJBQzZFQkVDMzVENjhFNEU2RUJEQjI0REFCNzdGNUYxNDA3LmpwZw.jpg",
        "accessibility": "Dve embalaži salam Baldo, ena z zelenim in ena z vijoličnim ozadjem."
      },
      {
        "url": "https://imgproxy-retcat.assets.schwarz/X-ldoMUJRbLrwXfp8kt1snYnEY4C2412P7qaxRsUNHo/sm:1/w:427/h:320/cz/M6Ly9wcm9kLWNhd/GFsb2ctbWVkaWEvc2kvMS9EMzZBMDc4NEI1MDI0NEYwNjRFNUNBQzl/GRjI4Nzg0REFDQUNDNzQ4NkU2NDY5NDJERjgwNzc5QTAxODc5MUNELmpwZw.jpg",
        "accessibility": "Paket suhih klobas Yoki, okus govejega mesa."
      },
      {
        "url": "https://imgproxy-retcat.assets.schwarz/T3PLPabL4kQEc69v1GDNo4BKpyNkTvUaB4rRdZAAVzk/sm:1/w:427/h:320/cz/M6Ly9wcm9kLWNhd/GFsb2ctbWVkaWEvc2kvMS9BQzg1NDJFOUE1RUM4NDFDQkY3ODc5MTM/5RENCMUUwM0ZEOTU0NUQ4RDYwMDI1OTNCMzdEODRFRjQwODVEMTIxLmpwZw.jpg",
        "accessibility": "Paket Yemli čevapčičev, pripravljenih za peko."
      }
    ],
    "analytics_category": "Food",
    "more_details": "Dodatne podrobnosti o izdelku",
    "won_category_primary": "Svetovi potreb/Hrana in bližnja hrana/Klobase in meso",
    "won_category_primary_path": "0/17/1717",
    "canonical_path": "/p/sol-mar-snack-klobasice/p10082291",
    "canonical_url": "/p/sol-mar-snack-klobasice/p10082291",
    "awards": [],
    "seals": [
      {
        "altText": "Nalepka: Hlajeno",
        "image": "https://imgproxy-retcat.assets.schwarz/7x3Iby7aD19hFySDnP2YoXt7E1r0JrvJVj0QO1gUOes/sm:1/w:140/cz/M6Ly9wcm9kLWNhd/GFsb2ctbWVkaWEvc2kvMi8xMzFBN0E2RDlCREZGREQxOEE2OTFDNEZ/FNDE5RTM0QUMxQjY4OEQ0OUY2QTAxMTRDRjQ1RjdCNTNDRjM2NUJBLnBuZw.png"
      }
    ],
    "ribbons": [],
    "highlighted_seals": 0,
    "lidl_plus": [],
    "regions": [],
    "ians": [
      "5705399"
    ],
    "show_brand": true,
    "deal_of_day_active": false,
    "full_title_meta": "SOL&MAR Snack klobasice",
    "lists": [
      4986
    ],
    "preview": false,
    "category_breadcrumbs": [
      {
        "id": "10068374",
        "name": "Hrana in pijača",
        "url": "/c/hrana-in-pijaca/s10068374",
        "hidden": false
      },
      {
        "id": "10071016",
        "name": "Meso in mesni izdelki",
        "url": "/h/meso-in-mesni-izdelki/h10071016",
        "hidden": false
      }
    ],
    "campaigns": [
      {
        "id": "Current_Sales_Week",
        "name": "Ta teden",
        "url": null,
        "hidden": false
      },
      {
        "id": "10074825",
        "name": "Navdih iberksega polotoka",
        "url": "/c/navdih-iberksega-polotoka/a10074825",
        "hidden": false
      }
    ],
    "world_of_needs_code": "1717",
    "world_of_needs_name": "Klobase in meso",
    "world_of_needs_parent": "17",
    "is_main_category": true,
    "super_categories": [
      {
        "code": "17",
        "name": "Hrana in bližnja hrana",
        "parent": "0"
      },
      {
        "code": "0",
        "name": "Svetovi potreb",
        "parent": ""
      }
    ],
    "position": 355,
    "tracking_payload": {
      "searchTrackingMasterId": "Product.10082291",
      "searchTrackingTitle": "Snack+klobasice",
      "searchTrackingPageSize": 100,
      "searchTrackingPage": 4,
      "searchTrackingEvent": "click",
      "list": "search",
      "searchTrackingId": "Product.10082291",
      "searchTrackingOrigPos": 1,
      "searchTrackingPos": 355,
      "searchTrackingOrigPageSize": 100,
      "searchTrackingChannel": "SI",
      "category": "Food"
    }
  },
  {
    "code": "10082293",
    "name": "Kuhana čičerika",
    "url": "",
    "result_class": "product",
    "type": "product",
    "product_id": 10082293,
    "erp_number": "10082293",
    "item_id": 10082293,
    "full_title": "SOL&MAR Kuhana čičerika",
    "title": "Kuhana čičerika",
    "category": "Food",
    "product_type": "RETAIL",
    "age_restriction": false,
    "is_used_product": false,
    "multipack": false,
    "online": false,
    "store": true,
    "quick_add_to_cart": false,
    "flash_sales": false,
    "having_videos": false,
    "having_threesixty": false,
    "price": 0.99,
    "old_price": 0.0,
    "currency_code": "EUR",
    "currency_symbol": "€",
    "has_star": true,
    "has_vat": false,
    "price_theme": "white_red",
    "variants_have_different_prices": false,
    "base_price_text": "1 kg = 1.83",
    "base_price_prefix": false,
    "packaging_text": "540 g",
    "discount_deleted_price": null,
    "discount_text": null,
    "discount_percentage": null,
    "discount_has_star": null,
    "show_discount": null,
    "show_percentage": null,
    "from_recommended_price": null,
    "availability_indicator": 0,
    "online_available": false,
    "min_orderable_quantity": 1,
    "orderable_quantities": [],
    "badge_texts": [
      "V trgovini od 07.07."
    ],
    "badge_types": [
      "IN_STORE_FROM_DATE_TODAY"
    ],
    "main_image": "https://imgproxy-retcat.assets.schwarz/n7DgIMvLaHgK0Pq-TlP_KL2FMx3cILJFtedhoskNo8Q/sm:1/w:427/h:320/cz/M6Ly9wcm9kLWNhd/GFsb2ctbWVkaWEvc2kvMS9FQ0RERTMzOUZERDMzNjk4ODhEMDgzOTk/4ODM2QjM3ODY0NEMwQzI2RTYzRjQ2NkFBQUUyRThGOTQ0ODlERDg1LmpwZw.jpg",
    "image_list": [
      "https://imgproxy-retcat.assets.schwarz/n7DgIMvLaHgK0Pq-TlP_KL2FMx3cILJFtedhoskNo8Q/sm:1/w:427/h:320/cz/M6Ly9wcm9kLWNhd/GFsb2ctbWVkaWEvc2kvMS9FQ0RERTMzOUZERDMzNjk4ODhEMDgzOTk/4ODM2QjM3ODY0NEMwQzI2RTYzRjQ2NkFBQUUyRThGOTQ0ODlERDg1LmpwZw.jpg"
    ],
    "image_accessibility": "Kozarček konzerviranega čičerike znamke Omid.",
    "detailed_images": [
      {
        "url": "https://imgproxy-retcat.assets.schwarz/n7DgIMvLaHgK0Pq-TlP_KL2FMx3cILJFtedhoskNo8Q/sm:1/w:427/h:320/cz/M6Ly9wcm9kLWNhd/GFsb2ctbWVkaWEvc2kvMS9FQ0RERTMzOUZERDMzNjk4ODhEMDgzOTk/4ODM2QjM3ODY0NEMwQzI2RTYzRjQ2NkFBQUUyRThGOTQ0ODlERDg1LmpwZw.jpg",
        "accessibility": "Kozarček konzerviranega čičerike znamke Omid."
      }
    ],
    "analytics_category": "Food",
    "more_details": "Dodatne podrobnosti o izdelku",
    "won_category_primary": "Svetovi potreb/Hrana in bližnja hrana/Jajca in osnovna živila (testenine, moka, stročnice itd.)",
    "won_category_primary_path": "0/17/1715",
    "canonical_path": "/p/sol-mar-kuhana-cicerika/p10082293",
    "canonical_url": "/p/sol-mar-kuhana-cicerika/p10082293",
    "awards": [],
    "seals": [],
    "ribbons": [],
    "highlighted_seals": 0,
    "lidl_plus": [],
    "regions": [],
    "ians": [
      "5900018"
    ],
    "show_brand": true,
    "deal_of_day_active": false,
    "full_title_meta": "SOL&MAR Kuhana čičerika",
    "lists": [
      4986
    ],
    "preview": false,
    "category_breadcrumbs": [
      {
        "id": "10068374",
        "name": "Hrana in pijača",
        "url": "/c/hrana-in-pijaca/s10068374",
        "hidden": false
      },
      {
        "id": "10071045",
        "name": "Jajca in osnovna živila",
        "url": "/h/jajca-in-osnovna-zivila/h10071045",
        "hidden": false
      }
    ],
    "campaigns": [
      {
        "id": "Current_Sales_Week",
        "name": "Ta teden",
        "url": null,
        "hidden": false
      },
      {
        "id": "10074825",
        "name": "Navdih iberksega polotoka",
        "url": "/c/navdih-iberksega-polotoka/a10074825",
        "hidden": false
      }
    ],
    "world_of_needs_code": "1715",
    "world_of_needs_name": "Jajca in osnovna živila (testenine, moka, stročnice itd.)",
    "world_of_needs_parent": "17",
    "is_main_category": true,
    "super_categories": [
      {
        "code": "17",
        "name": "Hrana in bližnja hrana",
        "parent": "0"
      },
      {
        "code": "0",
        "name": "Svetovi potreb",
        "parent": ""
      }
    ],
    "position": 356,
    "tracking_payload": {
      "searchTrackingMasterId": "Product.10082293",
      "searchTrackingTitle": "Kuhana+%C4%8Di%C4%8Derika",
      "searchTrackingPageSize": 100,
      "searchTrackingPage": 4,
      "searchTrackingEvent": "click",
      "list": "search",
      "searchTrackingId": "Product.10082293",
      "searchTrackingOrigPos": 1,
      "searchTrackingPos": 356,
      "searchTrackingOrigPageSize": 100,
      "searchTrackingChannel": "SI",
      "category": "Food"
    }
  },
  {
    "code": "10082295",
    "name": "Vložen česen",
    "url": "",
    "result_class": "product",
    "type": "product",
    "product_id": 10082295,
    "erp_number": "10082295",
    "item_id": 10082295,
    "full_title": "SOL&MAR Vložen česen",
    "title": "Vložen česen",
    "category": "Food",
    "product_type": "RETAIL",
    "age_restriction": false,
    "is_used_product": false,
    "multipack": false,
    "online": false,
    "store": true,
    "quick_add_to_cart": false,
    "flash_sales": false,
    "having_videos": false,
    "having_threesixty": false,
    "price": 2.49,
    "old_price": 0.0,
    "currency_code": "EUR",
    "currency_symbol": "€",
    "has_star": true,
    "has_vat": false,
    "price_theme": "white_red",
    "variants_have_different_prices": false,
    "base_price_text": "1 kg = 8.74/8.30",
    "base_price_prefix": false,
    "packaging_text": "285/300 g",
    "discount_deleted_price": null,
    "discount_text": null,
    "discount_percentage": null,
    "discount_has_star": null,
    "show_discount": null,
    "show_percentage": null,
    "from_recommended_price": null,
    "availability_indicator": 0,
    "online_available": false,
    "min_orderable_quantity": 1,
    "orderable_quantities": [],
    "badge_texts": [
      "V trgovini od 07.07."
    ],
    "badge_types": [
      "IN_STORE_FROM_DATE_TODAY"
    ],
    "main_image": "https://imgproxy-retcat.assets.schwarz/tMqSD9zCxRmSSTPMDxwDg_MIIlI6hP1SkD1BBZWNimI/sm:1/w:427/h:320/cz/M6Ly9wcm9kLWNhd/GFsb2ctbWVkaWEvc2kvMS82ODc2MjJENjM3N0M1RjE5M0VDMTdGRjl/COTkwRjdFOUQ4MTIwOUNCMzA1OTRBM0IzOTBBNDg3MTEyQTIxMDVGLmpwZw.jpg",
    "image_list": [
      "https://imgproxy-retcat.assets.schwarz/tMqSD9zCxRmSSTPMDxwDg_MIIlI6hP1SkD1BBZWNimI/sm:1/w:427/h:320/cz/M6Ly9wcm9kLWNhd/GFsb2ctbWVkaWEvc2kvMS82ODc2MjJENjM3N0M1RjE5M0VDMTdGRjl/COTkwRjdFOUQ4MTIwOUNCMzA1OTRBM0IzOTBBNDg3MTEyQTIxMDVGLmpwZw.jpg",
      "https://imgproxy-retcat.assets.schwarz/hCFsNtCrDisQgGliAf8TeR3BgGXdwlzgGu4SRgMZpOE/sm:1/w:427/h:320/cz/M6Ly9wcm9kLWNhd/GFsb2ctbWVkaWEvc2kvMS82N0M4MTJGRDlFRUFDOTJFMEMyREExQTR/CREQyNjg3RUU1NTE3M0NGQjZFQjc5NDQ3MUY5OTQyNjA4QzgzNDA1LmpwZw.jpg",
      "https://imgproxy-retcat.assets.schwarz/QPwq6s5urfZQyXLyuNr_wQ1VHH6dmHUPr9vLBvIrjY0/sm:1/w:427/h:320/cz/M6Ly9wcm9kLWNhd/GFsb2ctbWVkaWEvc2kvMS80MjJBNjlDOTQ0RUM4MTJGRUU5OTFENjd/GNzdERTlGQzQ5QUUxRjM5N0YzMTYxQ0JCNDRCQ0QxNDQ4RTBEOUM3LmpwZw.jpg"
    ],
    "image_accessibility": "Dva kozarca vloženega česna blagovne znamke BaMa.",
    "detailed_images": [
      {
        "url": "https://imgproxy-retcat.assets.schwarz/tMqSD9zCxRmSSTPMDxwDg_MIIlI6hP1SkD1BBZWNimI/sm:1/w:427/h:320/cz/M6Ly9wcm9kLWNhd/GFsb2ctbWVkaWEvc2kvMS82ODc2MjJENjM3N0M1RjE5M0VDMTdGRjl/COTkwRjdFOUQ4MTIwOUNCMzA1OTRBM0IzOTBBNDg3MTEyQTIxMDVGLmpwZw.jpg",
        "accessibility": "Dva kozarca vloženega česna blagovne znamke BaMa."
      },
      {
        "url": "https://imgproxy-retcat.assets.schwarz/hCFsNtCrDisQgGliAf8TeR3BgGXdwlzgGu4SRgMZpOE/sm:1/w:427/h:320/cz/M6Ly9wcm9kLWNhd/GFsb2ctbWVkaWEvc2kvMS82N0M4MTJGRDlFRUFDOTJFMEMyREExQTR/CREQyNjg3RUU1NTE3M0NGQjZFQjc5NDQ3MUY5OTQyNjA4QzgzNDA1LmpwZw.jpg",
        "accessibility": "Kozarček vloženega česna Vah-Mar v olju."
      },
      {
        "url": "https://imgproxy-retcat.assets.schwarz/QPwq6s5urfZQyXLyuNr_wQ1VHH6dmHUPr9vLBvIrjY0/sm:1/w:427/h:320/cz/M6Ly9wcm9kLWNhd/GFsb2ctbWVkaWEvc2kvMS80MjJBNjlDOTQ0RUM4MTJGRUU5OTFENjd/GNzdERTlGQzQ5QUUxRjM5N0YzMTYxQ0JCNDRCQ0QxNDQ4RTBEOUM3LmpwZw.jpg",
        "accessibility": "Kozarček vloženega česna Vajda z rdečo papriko in čilijem."
      }
    ],
    "analytics_category": "Food",
    "more_details": "Dodatne podrobnosti o izdelku",
    "won_category_primary": "Svetovi potreb/Hrana in bližnja hrana/Začimbe, gorčica in omake",
    "won_category_primary_path": "0/17/1736",
    "canonical_path": "/p/sol-mar-vlozen-cesen/p10082295",
    "canonical_url": "/p/sol-mar-vlozen-cesen/p10082295",
    "awards": [],
    "seals": [],
    "ribbons": [],
    "highlighted_seals": 0,
    "lidl_plus": [],
    "regions": [],
    "ians": [
      "36278"
    ],
    "show_brand": true,
    "deal_of_day_active": false,
    "full_title_meta": "SOL&MAR Vložen česen",
    "lists": [
      4986
    ],
    "preview": false,
    "category_breadcrumbs": [
      {
        "id": "10068374",
        "name": "Hrana in pijača",
        "url": "/c/hrana-in-pijaca/s10068374",
        "hidden": false
      },
      {
        "id": "10071682",
        "name": "Začimbe, gorčica in omake",
        "url": "/h/zacimbe-gorcica-in-omake/h10071682",
        "hidden": false
      }
    ],
    "campaigns": [
      {
        "id": "Current_Sales_Week",
        "name": "Ta teden",
        "url": null,
        "hidden": false
      },
      {
        "id": "10074825",
        "name": "Navdih iberksega polotoka",
        "url": "/c/navdih-iberksega-polotoka/a10074825",
        "hidden": false
      }
    ],
    "world_of_needs_code": "1736",
    "world_of_needs_name": "Začimbe, gorčica in omake",
    "world_of_needs_parent": "17",
    "is_main_category": true,
    "super_categories": [
      {
        "code": "17",
        "name": "Hrana in bližnja hrana",
        "parent": "0"
      },
      {
        "code": "0",
        "name": "Svetovi potreb",
        "parent": ""
      }
    ],
    "position": 357,
    "tracking_payload": {
      "searchTrackingMasterId": "Product.10082295",
      "searchTrackingTitle": "Vlo%C5%BEen+%C4%8Desen",
      "searchTrackingPageSize": 100,
      "searchTrackingPage": 4,
      "searchTrackingEvent": "click",
      "list": "search",
      "searchTrackingId": "Product.10082295",
      "searchTrackingOrigPos": 1,
      "searchTrackingPos": 357,
      "searchTrackingOrigPageSize": 100,
      "searchTrackingChannel": "SI",
      "category": "Food"
    }
  },
  {
    "code": "10082297",
    "name": "Izbor predjedi",
    "url": "",
    "result_class": "product",
    "type": "product",
    "product_id": 10082297,
    "erp_number": "10082297",
    "item_id": 10082297,
    "full_title": "SOL&MAR Izbor predjedi",
    "title": "Izbor predjedi",
    "category": "Food",
    "product_type": "RETAIL",
    "age_restriction": false,
    "is_used_product": false,
    "multipack": false,
    "online": false,
    "store": true,
    "quick_add_to_cart": false,
    "flash_sales": false,
    "having_videos": false,
    "having_threesixty": false,
    "price": 1.99,
    "old_price": 0.0,
    "currency_code": "EUR",
    "currency_symbol": "€",
    "has_star": true,
    "has_vat": false,
    "price_theme": "white_red",
    "variants_have_different_prices": false,
    "base_price_text": "1 kg = 24.88",
    "base_price_prefix": false,
    "packaging_text": "80 g",
    "discount_deleted_price": null,
    "discount_text": null,
    "discount_percentage": null,
    "discount_has_star": null,
    "show_discount": null,
    "show_percentage": null,
    "from_recommended_price": null,
    "availability_indicator": 0,
    "online_available": false,
    "min_orderable_quantity": 1,
    "orderable_quantities": [],
    "badge_texts": [
      "V trgovini od 07.07."
    ],
    "badge_types": [
      "IN_STORE_FROM_DATE_TODAY"
    ],
    "main_image": "https://imgproxy-retcat.assets.schwarz/G3k2bUVDzzI9u-z-ApkqLV5sidx_FXog4nWzO14sBTE/sm:1/w:427/h:320/cz/M6Ly9wcm9kLWNhd/GFsb2ctbWVkaWEvc2kvMS9DQzNCODQzRENBM0NGNkQxOTdBQjc0N0J/DNzM4NjE4NTlFQTA2MTBCRjlBOTFENDAzMUE5RTUzN0E3N0VCNTIzLmpwZw.jpg",
    "image_list": [
      "https://imgproxy-retcat.assets.schwarz/G3k2bUVDzzI9u-z-ApkqLV5sidx_FXog4nWzO14sBTE/sm:1/w:427/h:320/cz/M6Ly9wcm9kLWNhd/GFsb2ctbWVkaWEvc2kvMS9DQzNCODQzRENBM0NGNkQxOTdBQjc0N0J/DNzM4NjE4NTlFQTA2MTBCRjlBOTFENDAzMUE5RTUzN0E3N0VCNTIzLmpwZw.jpg",
      "https://imgproxy-retcat.assets.schwarz/jBQvbpNZoExciHaTnWTb2ZJlNNHzv9EX6F6nOJAaoxc/sm:1/w:427/h:320/cz/M6Ly9wcm9kLWNhd/GFsb2ctbWVkaWEvc2kvMS8zNEU0QjJDODg5OTE1NTNDRkYyMEFCREF/BRUU2RTRDOUU4NDcxNUVBN0VFRDNFNEIzMTAzNjg0RTkxOTlFREZCLmpwZw.jpg",
      "https://imgproxy-retcat.assets.schwarz/lX7WNBuHSksZF2IVchG-hWtZg0b2IIA6VRV6eS8HdaM/sm:1/w:427/h:320/cz/M6Ly9wcm9kLWNhd/GFsb2ctbWVkaWEvc2kvMS84N0JFMjY3MjlGRjA5NzQ1MjcwMTJFQzI/wRDI0MjcyN0RGMjZEOERGOEMyNDQyOEU1OTcwMDJEMTJFRjM2NzZBLmpwZw.jpg"
    ],
    "image_accessibility": "Dve krožniki s predjedi: sir, chorizo, olive in še nekaj mesa.",
    "detailed_images": [
      {
        "url": "https://imgproxy-retcat.assets.schwarz/G3k2bUVDzzI9u-z-ApkqLV5sidx_FXog4nWzO14sBTE/sm:1/w:427/h:320/cz/M6Ly9wcm9kLWNhd/GFsb2ctbWVkaWEvc2kvMS9DQzNCODQzRENBM0NGNkQxOTdBQjc0N0J/DNzM4NjE4NTlFQTA2MTBCRjlBOTFENDAzMUE5RTUzN0E3N0VCNTIzLmpwZw.jpg",
        "accessibility": "Dve krožniki s predjedi: sir, chorizo, olive in še nekaj mesa."
      },
      {
        "url": "https://imgproxy-retcat.assets.schwarz/jBQvbpNZoExciHaTnWTb2ZJlNNHzv9EX6F6nOJAaoxc/sm:1/w:427/h:320/cz/M6Ly9wcm9kLWNhd/GFsb2ctbWVkaWEvc2kvMS8zNEU0QjJDODg5OTE1NTNDRkYyMEFCREF/BRUU2RTRDOUU4NDcxNUVBN0VFRDNFNEIzMTAzNjg0RTkxOTlFREZCLmpwZw.jpg",
        "accessibility": "Lučka mešana tapas: šunka, chorizo in olive."
      },
      {
        "url": "https://imgproxy-retcat.assets.schwarz/lX7WNBuHSksZF2IVchG-hWtZg0b2IIA6VRV6eS8HdaM/sm:1/w:427/h:320/cz/M6Ly9wcm9kLWNhd/GFsb2ctbWVkaWEvc2kvMS84N0JFMjY3MjlGRjA5NzQ1MjcwMTJFQzI/wRDI0MjcyN0RGMjZEOERGOEMyNDQyOEU1OTcwMDJEMTJFRjM2NzZBLmpwZw.jpg",
        "accessibility": "Vakuumsko pakirana mešana krožna garnitura s sirom in chorizo klobaso."
      }
    ],
    "analytics_category": "Food",
    "more_details": "Dodatne podrobnosti o izdelku",
    "won_category_primary": "Svetovi potreb/Hrana in bližnja hrana/Pripravljene jedi (razen zamrznjene pice itd. in pekovskih izdelkov)",
    "won_category_primary_path": "0/17/1711",
    "canonical_path": "/p/sol-mar-izbor-predjedi/p10082297",
    "canonical_url": "/p/sol-mar-izbor-predjedi/p10082297",
    "awards": [],
    "seals": [
      {
        "altText": "Nalepka: Hlajeno",
        "image": "https://imgproxy-retcat.assets.schwarz/7x3Iby7aD19hFySDnP2YoXt7E1r0JrvJVj0QO1gUOes/sm:1/w:140/cz/M6Ly9wcm9kLWNhd/GFsb2ctbWVkaWEvc2kvMi8xMzFBN0E2RDlCREZGREQxOEE2OTFDNEZ/FNDE5RTM0QUMxQjY4OEQ0OUY2QTAxMTRDRjQ1RjdCNTNDRjM2NUJBLnBuZw.png"
      }
    ],
    "ribbons": [],
    "highlighted_seals": 0,
    "lidl_plus": [],
    "regions": [],
    "ians": [
      "5718841"
    ],
    "show_brand": true,
    "deal_of_day_active": false,
    "full_title_meta": "SOL&MAR Izbor predjedi",
    "lists": [
      4986
    ],
    "preview": false,
    "category_breadcrumbs": [
      {
        "id": "10068374",
        "name": "Hrana in pijača",
        "url": "/c/hrana-in-pijaca/s10068374",
        "hidden": false
      },
      {
        "id": "10071020",
        "name": "Gotove jed",
        "url": "/h/gotove-jed/h10071020",
        "hidden": false
      }
    ],
    "campaigns": [
      {
        "id": "Current_Sales_Week",
        "name": "Ta teden",
        "url": null,
        "hidden": false
      },
      {
        "id": "10074825",
        "name": "Navdih iberksega polotoka",
        "url": "/c/navdih-iberksega-polotoka/a10074825",
        "hidden": false
      }
    ],
    "world_of_needs_code": "1711",
    "world_of_needs_name": "Pripravljene jedi (razen zamrznjene pice itd. in pekovskih izdelkov)",
    "world_of_needs_parent": "17",
    "is_main_category": true,
    "super_categories": [
      {
        "code": "17",
        "name": "Hrana in bližnja hrana",
        "parent": "0"
      },
      {
        "code": "0",
        "name": "Svetovi potreb",
        "parent": ""
      }
    ],
    "position": 358,
    "tracking_payload": {
      "searchTrackingMasterId": "Product.10082297",
      "searchTrackingTitle": "Izbor+predjedi",
      "searchTrackingPageSize": 100,
      "searchTrackingPage": 4,
      "searchTrackingEvent": "click",
      "list": "search",
      "searchTrackingId": "Product.10082297",
      "searchTrackingOrigPos": 1,
      "searchTrackingPos": 358,
      "searchTrackingOrigPageSize": 100,
      "searchTrackingChannel": "SI",
      "category": "Food"
    }
  },
  {
    "code": "10082299",
    "name": "Španski pršut „Gran Reserva“",
    "url": "",
    "result_class": "product",
    "type": "product",
    "product_id": 10082299,
    "erp_number": "10082299",
    "item_id": 10082299,
    "full_title": "SOL&MAR Španski pršut „Gran Reserva“",
    "title": "Španski pršut „Gran Reserva“",
    "category": "Food",
    "product_type": "RETAIL",
    "age_restriction": false,
    "is_used_product": false,
    "multipack": false,
    "online": false,
    "store": true,
    "quick_add_to_cart": false,
    "flash_sales": false,
    "having_videos": false,
    "having_threesixty": false,
    "price": 1.69,
    "old_price": 0.0,
    "currency_code": "EUR",
    "currency_symbol": "€",
    "has_star": true,
    "has_vat": false,
    "price_theme": "white_red",
    "variants_have_different_prices": false,
    "base_price_text": "1 kg = 24.14",
    "base_price_prefix": false,
    "packaging_text": "70 g",
    "discount_deleted_price": null,
    "discount_text": null,
    "discount_percentage": null,
    "discount_has_star": null,
    "show_discount": null,
    "show_percentage": null,
    "from_recommended_price": null,
    "availability_indicator": 0,
    "online_available": false,
    "min_orderable_quantity": 1,
    "orderable_quantities": [],
    "badge_texts": [
      "V trgovini od 07.07."
    ],
    "badge_types": [
      "IN_STORE_FROM_DATE_TODAY"
    ],
    "main_image": "https://imgproxy-retcat.assets.schwarz/jEKTfs7fHCuN4cDv43soCret-DaWyKYEx-jINg7GZpU/sm:1/w:427/h:320/cz/M6Ly9wcm9kLWNhd/GFsb2ctbWVkaWEvc2kvMS85N0Y0RkVDNTlEMUJCODA0QjIyMTdCMzQ/2RTNGOEJDREFEOTNGOUYwNzAwNzAxOTgzNjBBOEUzQzAyRUE3MTUxLmpwZw.jpg",
    "image_list": [
      "https://imgproxy-retcat.assets.schwarz/jEKTfs7fHCuN4cDv43soCret-DaWyKYEx-jINg7GZpU/sm:1/w:427/h:320/cz/M6Ly9wcm9kLWNhd/GFsb2ctbWVkaWEvc2kvMS85N0Y0RkVDNTlEMUJCODA0QjIyMTdCMzQ/2RTNGOEJDREFEOTNGOUYwNzAwNzAxOTgzNjBBOEUzQzAyRUE3MTUxLmpwZw.jpg"
    ],
    "image_accessibility": "Pakiranje narezka šunke.",
    "detailed_images": [
      {
        "url": "https://imgproxy-retcat.assets.schwarz/jEKTfs7fHCuN4cDv43soCret-DaWyKYEx-jINg7GZpU/sm:1/w:427/h:320/cz/M6Ly9wcm9kLWNhd/GFsb2ctbWVkaWEvc2kvMS85N0Y0RkVDNTlEMUJCODA0QjIyMTdCMzQ/2RTNGOEJDREFEOTNGOUYwNzAwNzAxOTgzNjBBOEUzQzAyRUE3MTUxLmpwZw.jpg",
        "accessibility": "Pakiranje narezka šunke."
      }
    ],
    "analytics_category": "Food",
    "more_details": "Dodatne podrobnosti o izdelku",
    "won_category_primary": "Svetovi potreb/Hrana in bližnja hrana/Klobase in meso",
    "won_category_primary_path": "0/17/1717",
    "canonical_path": "/p/sol-mar-spanski-prsut-gran-reserva/p10082299",
    "canonical_url": "/p/sol-mar-spanski-prsut-gran-reserva/p10082299",
    "awards": [],
    "seals": [
      {
        "altText": "Tradicionalna kakovost, zaščiten geografski izvor.",
        "image": "https://imgproxy-retcat.assets.schwarz/D08cPki8ucvgCWDIeBerqJ9adHzT8PsA_d1IQBDwX1I/sm:1/w:140/cz/M6Ly9wcm9kLWNhd/GFsb2ctbWVkaWEvc2kvMi8zNTU4RDhFODlGRkEwRTNFRjlFQjdEMTB/FM0ExNTcwMDg1ODNDQTE2NDZDMzg3MDc4RjgwMzYwOUQxNDlGQjlELnBuZw.png"
      },
      {
        "altText": "Nalepka: Hlajeno",
        "image": "https://imgproxy-retcat.assets.schwarz/7x3Iby7aD19hFySDnP2YoXt7E1r0JrvJVj0QO1gUOes/sm:1/w:140/cz/M6Ly9wcm9kLWNhd/GFsb2ctbWVkaWEvc2kvMi8xMzFBN0E2RDlCREZGREQxOEE2OTFDNEZ/FNDE5RTM0QUMxQjY4OEQ0OUY2QTAxMTRDRjQ1RjdCNTNDRjM2NUJBLnBuZw.png"
      }
    ],
    "ribbons": [],
    "highlighted_seals": 0,
    "lidl_plus": [],
    "regions": [],
    "ians": [
      "5701621"
    ],
    "show_brand": true,
    "deal_of_day_active": false,
    "full_title_meta": "SOL&MAR Španski pršut „Gran Reserva“",
    "lists": [
      4986
    ],
    "preview": false,
    "category_breadcrumbs": [
      {
        "id": "10068374",
        "name": "Hrana in pijača",
        "url": "/c/hrana-in-pijaca/s10068374",
        "hidden": false
      },
      {
        "id": "10071016",
        "name": "Meso in mesni izdelki",
        "url": "/h/meso-in-mesni-izdelki/h10071016",
        "hidden": false
      }
    ],
    "campaigns": [
      {
        "id": "Current_Sales_Week",
        "name": "Ta teden",
        "url": null,
        "hidden": false
      },
      {
        "id": "10074825",
        "name": "Navdih iberksega polotoka",
        "url": "/c/navdih-iberksega-polotoka/a10074825",
        "hidden": false
      }
    ],
    "world_of_needs_code": "1717",
    "world_of_needs_name": "Klobase in meso",
    "world_of_needs_parent": "17",
    "is_main_category": true,
    "super_categories": [
      {
        "code": "17",
        "name": "Hrana in bližnja hrana",
        "parent": "0"
      },
      {
        "code": "0",
        "name": "Svetovi potreb",
        "parent": ""
      }
    ],
    "position": 359,
    "tracking_payload": {
      "searchTrackingMasterId": "Product.10082299",
      "searchTrackingTitle": "%C5%A0panski+pr%C5%A1ut+%E2%80%9EGran+Reserva%E2%80%9C",
      "searchTrackingPageSize": 100,
      "searchTrackingPage": 4,
      "searchTrackingEvent": "click",
      "list": "search",
      "searchTrackingId": "Product.10082299",
      "searchTrackingOrigPos": 1,
      "searchTrackingPos": 359,
      "searchTrackingOrigPageSize": 100,
      "searchTrackingChannel": "SI",
      "category": "Food"
    }
  },
  {
    "code": "10082301",
    "name": "Salama „Salchichón“",
    "url": "",
    "result_class": "product",
    "type": "product",
    "product_id": 10082301,
    "erp_number": "10082301",
    "item_id": 10082301,
    "full_title": "SOL&MAR Salama „Salchichón“",
    "title": "Salama „Salchichón“",
    "category": "Food",
    "product_type": "RETAIL",
    "age_restriction": false,
    "is_used_product": false,
    "multipack": false,
    "online": false,
    "store": true,
    "quick_add_to_cart": false,
    "flash_sales": false,
    "having_videos": false,
    "having_threesixty": false,
    "price": 1.99,
    "old_price": 0.0,
    "currency_code": "EUR",
    "currency_symbol": "€",
    "has_star": true,
    "has_vat": false,
    "price_theme": "white_red",
    "variants_have_different_prices": false,
    "base_price_text": "1 kg = 9.95",
    "base_price_prefix": false,
    "packaging_text": "200 g (2 x 100 g)",
    "discount_deleted_price": null,
    "discount_text": null,
    "discount_percentage": null,
    "discount_has_star": null,
    "show_discount": null,
    "show_percentage": null,
    "from_recommended_price": null,
    "availability_indicator": 0,
    "online_available": false,
    "min_orderable_quantity": 1,
    "orderable_quantities": [],
    "badge_texts": [
      "V trgovini od 07.07."
    ],
    "badge_types": [
      "IN_STORE_FROM_DATE_TODAY"
    ],
    "main_image": "https://imgproxy-retcat.assets.schwarz/Im2_6JvbAoVzocU--spRvhwfxqAs41giVpOrdaiZ8-g/sm:1/w:427/h:320/cz/M6Ly9wcm9kLWNhd/GFsb2ctbWVkaWEvc2kvMS82N0VFRjA3Qzc4NDgwRUE4NUJBQUVGMDJ/FQzA5RDE1Mjg3NTFDMzM2NDk0MkRDNzdFQjQzRDlFNjk5RjgzMTFBLmpwZw.jpg",
    "image_list": [
      "https://imgproxy-retcat.assets.schwarz/Im2_6JvbAoVzocU--spRvhwfxqAs41giVpOrdaiZ8-g/sm:1/w:427/h:320/cz/M6Ly9wcm9kLWNhd/GFsb2ctbWVkaWEvc2kvMS82N0VFRjA3Qzc4NDgwRUE4NUJBQUVGMDJ/FQzA5RDE1Mjg3NTFDMzM2NDk0MkRDNzdFQjQzRDlFNjk5RjgzMTFBLmpwZw.jpg"
    ],
    "image_accessibility": "Pakiranje salam Salchichón v rezinah.",
    "detailed_images": [
      {
        "url": "https://imgproxy-retcat.assets.schwarz/Im2_6JvbAoVzocU--spRvhwfxqAs41giVpOrdaiZ8-g/sm:1/w:427/h:320/cz/M6Ly9wcm9kLWNhd/GFsb2ctbWVkaWEvc2kvMS82N0VFRjA3Qzc4NDgwRUE4NUJBQUVGMDJ/FQzA5RDE1Mjg3NTFDMzM2NDk0MkRDNzdFQjQzRDlFNjk5RjgzMTFBLmpwZw.jpg",
        "accessibility": "Pakiranje salam Salchichón v rezinah."
      }
    ],
    "analytics_category": "Food",
    "more_details": "Dodatne podrobnosti o izdelku",
    "won_category_primary": "Svetovi potreb/Hrana in bližnja hrana/Klobase in meso",
    "won_category_primary_path": "0/17/1717",
    "canonical_path": "/p/sol-mar-salama-salchichon/p10082301",
    "canonical_url": "/p/sol-mar-salama-salchichon/p10082301",
    "awards": [],
    "seals": [
      {
        "altText": "Nalepka: Hlajeno",
        "image": "https://imgproxy-retcat.assets.schwarz/7x3Iby7aD19hFySDnP2YoXt7E1r0JrvJVj0QO1gUOes/sm:1/w:140/cz/M6Ly9wcm9kLWNhd/GFsb2ctbWVkaWEvc2kvMi8xMzFBN0E2RDlCREZGREQxOEE2OTFDNEZ/FNDE5RTM0QUMxQjY4OEQ0OUY2QTAxMTRDRjQ1RjdCNTNDRjM2NUJBLnBuZw.png"
      }
    ],
    "ribbons": [],
    "highlighted_seals": 0,
    "lidl_plus": [],
    "regions": [],
    "ians": [
      "5700180"
    ],
    "show_brand": true,
    "deal_of_day_active": false,
    "full_title_meta": "SOL&MAR Salama „Salchichón“",
    "lists": [
      4986
    ],
    "preview": false,
    "category_breadcrumbs": [
      {
        "id": "10068374",
        "name": "Hrana in pijača",
        "url": "/c/hrana-in-pijaca/s10068374",
        "hidden": false
      },
      {
        "id": "10071016",
        "name": "Meso in mesni izdelki",
        "url": "/h/meso-in-mesni-izdelki/h10071016",
        "hidden": false
      }
    ],
    "campaigns": [
      {
        "id": "Current_Sales_Week",
        "name": "Ta teden",
        "url": null,
        "hidden": false
      },
      {
        "id": "10074825",
        "name": "Navdih iberksega polotoka",
        "url": "/c/navdih-iberksega-polotoka/a10074825",
        "hidden": false
      }
    ],
    "world_of_needs_code": "1717",
    "world_of_needs_name": "Klobase in meso",
    "world_of_needs_parent": "17",
    "is_main_category": true,
    "super_categories": [
      {
        "code": "17",
        "name": "Hrana in bližnja hrana",
        "parent": "0"
      },
      {
        "code": "0",
        "name": "Svetovi potreb",
        "parent": ""
      }
    ],
    "position": 360,
    "tracking_payload": {
      "searchTrackingMasterId": "Product.10082301",
      "searchTrackingTitle": "Salama+%E2%80%9ESalchich%C3%B3n%E2%80%9C",
      "searchTrackingPageSize": 100,
      "searchTrackingPage": 4,
      "searchTrackingEvent": "click",
      "list": "search",
      "searchTrackingId": "Product.10082301",
      "searchTrackingOrigPos": 1,
      "searchTrackingPos": 360,
      "searchTrackingOrigPageSize": 100,
      "searchTrackingChannel": "SI",
      "category": "Food"
    }
  },
  {
    "code": "10082303",
    "name": "Španske črne olive brez koščic",
    "url": "",
    "result_class": "product",
    "type": "product",
    "product_id": 10082303,
    "erp_number": "10082303",
    "item_id": 10082303,
    "full_title": "SOL&MAR Španske črne olive brez koščic",
    "title": "Španske črne olive brez koščic",
    "category": "Food",
    "product_type": "RETAIL",
    "age_restriction": false,
    "is_used_product": false,
    "multipack": false,
    "online": false,
    "store": true,
    "quick_add_to_cart": false,
    "flash_sales": false,
    "having_videos": false,
    "having_threesixty": false,
    "price": 0.99,
    "old_price": 0.0,
    "currency_code": "EUR",
    "currency_symbol": "€",
    "has_star": true,
    "has_vat": false,
    "price_theme": "white_red",
    "variants_have_different_prices": false,
    "base_price_text": "1 l = 2.68",
    "base_price_prefix": false,
    "packaging_text": "370 ml",
    "discount_deleted_price": null,
    "discount_text": null,
    "discount_percentage": null,
    "discount_has_star": null,
    "show_discount": null,
    "show_percentage": null,
    "from_recommended_price": null,
    "availability_indicator": 0,
    "online_available": false,
    "min_orderable_quantity": 1,
    "orderable_quantities": [],
    "badge_texts": [
      "V trgovini od 07.07."
    ],
    "badge_types": [
      "IN_STORE_FROM_DATE_TODAY"
    ],
    "main_image": "https://imgproxy-retcat.assets.schwarz/YJw6M6NGRPZjvTXOV-ogMbMKXYfjM-NGyknZbJ0jcWY/sm:1/w:427/h:320/cz/M6Ly9wcm9kLWNhd/GFsb2ctbWVkaWEvc2kvMS82OTUzMzU2MjU5MUMyNTYxMzVBNkQ4RjE/zMzI2RDlFM0ZCOUFFMjY5QjNBRURGOTRBMTZCQ0M5NTZDNTVFRjc0LmpwZw.jpg",
    "image_list": [
      "https://imgproxy-retcat.assets.schwarz/YJw6M6NGRPZjvTXOV-ogMbMKXYfjM-NGyknZbJ0jcWY/sm:1/w:427/h:320/cz/M6Ly9wcm9kLWNhd/GFsb2ctbWVkaWEvc2kvMS82OTUzMzU2MjU5MUMyNTYxMzVBNkQ4RjE/zMzI2RDlFM0ZCOUFFMjY5QjNBRURGOTRBMTZCQ0M5NTZDNTVFRjc0LmpwZw.jpg"
    ],
    "image_accessibility": "Konzerva črnih oljk Ju-Mar.",
    "detailed_images": [
      {
        "url": "https://imgproxy-retcat.assets.schwarz/YJw6M6NGRPZjvTXOV-ogMbMKXYfjM-NGyknZbJ0jcWY/sm:1/w:427/h:320/cz/M6Ly9wcm9kLWNhd/GFsb2ctbWVkaWEvc2kvMS82OTUzMzU2MjU5MUMyNTYxMzVBNkQ4RjE/zMzI2RDlFM0ZCOUFFMjY5QjNBRURGOTRBMTZCQ0M5NTZDNTVFRjc0LmpwZw.jpg",
        "accessibility": "Konzerva črnih oljk Ju-Mar."
      }
    ],
    "analytics_category": "Food",
    "more_details": "Dodatne podrobnosti o izdelku",
    "won_category_primary": "Svetovi potreb/Hrana in bližnja hrana/Maščobe, olja, kis in konzerve",
    "won_category_primary_path": "0/17/1735",
    "canonical_path": "/p/sol-mar-spanske-crne-olive-brez-koscic/p10082303",
    "canonical_url": "/p/sol-mar-spanske-crne-olive-brez-koscic/p10082303",
    "awards": [],
    "seals": [
      {
        "altText": "Žig: PRODUCTO ESPAÑOL",
        "image": "https://imgproxy-retcat.assets.schwarz/FTXkSRvAczDh03LfvoK84k2qVbDDcK3NGtc7HdBCEq0/sm:1/w:140/cz/M6Ly9wcm9kLWNhd/GFsb2ctbWVkaWEvc2kvMi80RjUxRENCNUZEOEVCQTcxOENBMjM2Mzg/5MkU3OTlGMTA0RTYzQUQyNTA0RTUxNDExQTdCM0Y4N0I3MjIyMTgyLnBuZw.png"
      }
    ],
    "ribbons": [],
    "highlighted_seals": 0,
    "lidl_plus": [],
    "regions": [],
    "ians": [
      "5700055"
    ],
    "show_brand": true,
    "deal_of_day_active": false,
    "full_title_meta": "SOL&MAR Španske črne olive brez koščic",
    "lists": [
      4986
    ],
    "preview": false,
    "category_breadcrumbs": [
      {
        "id": "10068374",
        "name": "Hrana in pijača",
        "url": "/c/hrana-in-pijaca/s10068374",
        "hidden": false
      },
      {
        "id": "10071681",
        "name": "Maščobe, olja, kis in konzerve",
        "url": "/h/mascobe-olja-kis-in-konzerve/h10071681",
        "hidden": false
      }
    ],
    "campaigns": [
      {
        "id": "Current_Sales_Week",
        "name": "Ta teden",
        "url": null,
        "hidden": false
      },
      {
        "id": "10074825",
        "name": "Navdih iberksega polotoka",
        "url": "/c/navdih-iberksega-polotoka/a10074825",
        "hidden": false
      }
    ],
    "world_of_needs_code": "1735",
    "world_of_needs_name": "Maščobe, olja, kis in konzerve",
    "world_of_needs_parent": "17",
    "is_main_category": true,
    "super_categories": [
      {
        "code": "17",
        "name": "Hrana in bližnja hrana",
        "parent": "0"
      },
      {
        "code": "0",
        "name": "Svetovi potreb",
        "parent": ""
      }
    ],
    "position": 361,
    "tracking_payload": {
      "searchTrackingMasterId": "Product.10082303",
      "searchTrackingTitle": "%C5%A0panske+%C4%8Drne+olive+brez+ko%C5%A1%C4%8Dic",
      "searchTrackingPageSize": 100,
      "searchTrackingPage": 4,
      "searchTrackingEvent": "click",
      "list": "search",
      "searchTrackingId": "Product.10082303",
      "searchTrackingOrigPos": 1,
      "searchTrackingPos": 361,
      "searchTrackingOrigPageSize": 100,
      "searchTrackingChannel": "SI",
      "category": "Food"
    }
  },
  {
    "code": "10082305",
    "name": "Hrustljavi kruhki",
    "url": "",
    "result_class": "product",
    "type": "product",
    "product_id": 10082305,
    "erp_number": "10082305",
    "item_id": 10082305,
    "full_title": "SOL&MAR Hrustljavi kruhki",
    "title": "Hrustljavi kruhki",
    "category": "Food",
    "product_type": "RETAIL",
    "age_restriction": false,
    "is_used_product": false,
    "multipack": false,
    "online": false,
    "store": true,
    "quick_add_to_cart": false,
    "flash_sales": false,
    "having_videos": false,
    "having_threesixty": false,
    "price": 1.19,
    "old_price": 0.0,
    "currency_code": "EUR",
    "currency_symbol": "€",
    "has_star": true,
    "has_vat": false,
    "price_theme": "white_red",
    "variants_have_different_prices": false,
    "base_price_text": "1 kg = 7.44",
    "base_price_prefix": false,
    "packaging_text": "160 g",
    "discount_deleted_price": null,
    "discount_text": null,
    "discount_percentage": null,
    "discount_has_star": null,
    "show_discount": null,
    "show_percentage": null,
    "from_recommended_price": null,
    "availability_indicator": 0,
    "online_available": false,
    "min_orderable_quantity": 1,
    "orderable_quantities": [],
    "badge_texts": [
      "V trgovini od 07.07."
    ],
    "badge_types": [
      "IN_STORE_FROM_DATE_TODAY"
    ],
    "main_image": "https://imgproxy-retcat.assets.schwarz/zam6tQHypGxyH8a7flpXiqe-1M6OsNx0OpmAcNioqLI/sm:1/w:427/h:320/cz/M6Ly9wcm9kLWNhd/GFsb2ctbWVkaWEvc2kvMS84OTMwODYwNTQ1MTAwNTUwMTc4RjlBQkV/BQUFDMzQ1Nzc0NTc4RTY2NkEzRDA3NTU2Q0JFOTQ4MUYwMTkxREZCLmpwZw.jpg",
    "image_list": [
      "https://imgproxy-retcat.assets.schwarz/zam6tQHypGxyH8a7flpXiqe-1M6OsNx0OpmAcNioqLI/sm:1/w:427/h:320/cz/M6Ly9wcm9kLWNhd/GFsb2ctbWVkaWEvc2kvMS84OTMwODYwNTQ1MTAwNTUwMTc4RjlBQkV/BQUFDMzQ1Nzc0NTc4RTY2NkEzRDA3NTU2Q0JFOTQ4MUYwMTkxREZCLmpwZw.jpg",
      "https://imgproxy-retcat.assets.schwarz/qUyOvHvx8v5d2OZIuxg24lYrI_pJit75lVZCQQzZN3M/sm:1/w:427/h:320/cz/M6Ly9wcm9kLWNhd/GFsb2ctbWVkaWEvc2kvMS9CQzM2NEZBRjRFNjk0MkE2NTRENDcwQjI/4RTI0NEU5MTMzNDJEMTY2RDU3N0E3NDE4MUQxMDA4NTc1Q0JCRDI4LmpwZw.jpg",
      "https://imgproxy-retcat.assets.schwarz/Fn5G-ZfjRcPlkKM34D60Ttp2drE3GRG4BmhfGe4HkZ4/sm:1/w:427/h:320/cz/M6Ly9wcm9kLWNhd/GFsb2ctbWVkaWEvc2kvMS8zQkVCMTFEODVCQ0Y3N0M1RDg0REZDNTk/zNjM5N0FGREQ4ODkzRTI4RUYwREFFQjhBQzYyRkNCOTc3QzA1NkQ2LmpwZw.jpg"
    ],
    "image_accessibility": "Dve škatli kruhkov Bonduelle, ena s paradižnikom in rožmarinom, druga z zelišči.",
    "detailed_images": [
      {
        "url": "https://imgproxy-retcat.assets.schwarz/zam6tQHypGxyH8a7flpXiqe-1M6OsNx0OpmAcNioqLI/sm:1/w:427/h:320/cz/M6Ly9wcm9kLWNhd/GFsb2ctbWVkaWEvc2kvMS84OTMwODYwNTQ1MTAwNTUwMTc4RjlBQkV/BQUFDMzQ1Nzc0NTc4RTY2NkEzRDA3NTU2Q0JFOTQ4MUYwMTkxREZCLmpwZw.jpg",
        "accessibility": "Dve škatli kruhkov Bonduelle, ena s paradižnikom in rožmarinom, druga z zelišči."
      },
      {
        "url": "https://imgproxy-retcat.assets.schwarz/qUyOvHvx8v5d2OZIuxg24lYrI_pJit75lVZCQQzZN3M/sm:1/w:427/h:320/cz/M6Ly9wcm9kLWNhd/GFsb2ctbWVkaWEvc2kvMS9CQzM2NEZBRjRFNjk0MkE2NTRENDcwQjI/4RTI0NEU5MTMzNDJEMTY2RDU3N0E3NDE4MUQxMDA4NTc1Q0JCRDI4LmpwZw.jpg",
        "accessibility": "Ybarra Pan Tostado, opečeni kruhki s paradižnikom in origanom."
      },
      {
        "url": "https://imgproxy-retcat.assets.schwarz/Fn5G-ZfjRcPlkKM34D60Ttp2drE3GRG4BmhfGe4HkZ4/sm:1/w:427/h:320/cz/M6Ly9wcm9kLWNhd/GFsb2ctbWVkaWEvc2kvMS8zQkVCMTFEODVCQ0Y3N0M1RDg0REZDNTk/zNjM5N0FGREQ4ODkzRTI4RUYwREFFQjhBQzYyRkNCOTc3QzA1NkQ2LmpwZw.jpg",
        "accessibility": "Pakiranje kruhkov Yum Yum s česnom in zelišči."
      }
    ],
    "analytics_category": "Food",
    "more_details": "Dodatne podrobnosti o izdelku",
    "won_category_primary": "Svetovi potreb/Hrana in bližnja hrana/Kruh in pekovsko pecivo",
    "won_category_primary_path": "0/17/1713",
    "canonical_path": "/p/sol-mar-hrustljavi-kruhki/p10082305",
    "canonical_url": "/p/sol-mar-hrustljavi-kruhki/p10082305",
    "awards": [],
    "seals": [],
    "ribbons": [],
    "highlighted_seals": 0,
    "lidl_plus": [],
    "regions": [],
    "ians": [
      "5700030"
    ],
    "show_brand": true,
    "deal_of_day_active": false,
    "full_title_meta": "SOL&MAR Hrustljavi kruhki",
    "lists": [
      4986
    ],
    "preview": false,
    "category_breadcrumbs": [
      {
        "id": "10068374",
        "name": "Hrana in pijača",
        "url": "/c/hrana-in-pijaca/s10068374",
        "hidden": false
      },
      {
        "id": "10071015",
        "name": "Kruh in pekovski izdelki",
        "url": "/h/kruh-in-pekovski-izdelki/h10071015",
        "hidden": false
      }
    ],
    "campaigns": [
      {
        "id": "Current_Sales_Week",
        "name": "Ta teden",
        "url": null,
        "hidden": false
      },
      {
        "id": "10074825",
        "name": "Navdih iberksega polotoka",
        "url": "/c/navdih-iberksega-polotoka/a10074825",
        "hidden": false
      }
    ],
    "world_of_needs_code": "1713",
    "world_of_needs_name": "Kruh in pekovsko pecivo",
    "world_of_needs_parent": "17",
    "is_main_category": true,
    "super_categories": [
      {
        "code": "17",
        "name": "Hrana in bližnja hrana",
        "parent": "0"
      },
      {
        "code": "0",
        "name": "Svetovi potreb",
        "parent": ""
      }
    ],
    "position": 362,
    "tracking_payload": {
      "searchTrackingMasterId": "Product.10082305",
      "searchTrackingTitle": "Hrustljavi+kruhki",
      "searchTrackingPageSize": 100,
      "searchTrackingPage": 4,
      "searchTrackingEvent": "click",
      "list": "search",
      "searchTrackingId": "Product.10082305",
      "searchTrackingOrigPos": 1,
      "searchTrackingPos": 362,
      "searchTrackingOrigPageSize": 100,
      "searchTrackingChannel": "SI",
      "category": "Food"
    }
  },
  {
    "code": "10082309",
    "name": "Portugalski sir",
    "url": "",
    "result_class": "product",
    "type": "product",
    "product_id": 10082309,
    "erp_number": "10082309",
    "item_id": 10082309,
    "full_title": "SOL&MAR Portugalski sir",
    "title": "Portugalski sir",
    "category": "Food",
    "product_type": "RETAIL",
    "age_restriction": false,
    "is_used_product": false,
    "multipack": false,
    "online": false,
    "store": true,
    "quick_add_to_cart": false,
    "flash_sales": false,
    "having_videos": false,
    "having_threesixty": false,
    "price": 2.99,
    "old_price": 0.0,
    "currency_code": "EUR",
    "currency_symbol": "€",
    "has_star": true,
    "has_vat": false,
    "price_theme": "white_red",
    "variants_have_different_prices": false,
    "base_price_text": "1 kg = 16.61/15.74",
    "base_price_prefix": false,
    "packaging_text": "180/190 g",
    "discount_deleted_price": null,
    "discount_text": "ZGRABITE PRILOŽNOST!",
    "discount_percentage": null,
    "discount_has_star": false,
    "show_discount": false,
    "show_percentage": false,
    "from_recommended_price": false,
    "availability_indicator": 0,
    "online_available": false,
    "min_orderable_quantity": 1,
    "orderable_quantities": [],
    "badge_texts": [
      "V trgovini od 07.07."
    ],
    "badge_types": [
      "IN_STORE_FROM_DATE_TODAY"
    ],
    "main_image": "https://imgproxy-retcat.assets.schwarz/KKV0e1gcLkiuliLnIahu-0C2pJjY6dVoCKCM9sNW5pY/sm:1/w:427/h:320/cz/M6Ly9wcm9kLWNhd/GFsb2ctbWVkaWEvc2kvMS8wMEVEMTA1Mjc0QkE2M0IyRjE3NEQ5MkE/wRUU5NzMwNzg5MEM4ODA4RDA0MzBENERFMjQ1QkFCMEY3N0Y0QTQ5LmpwZw.jpg",
    "image_list": [
      "https://imgproxy-retcat.assets.schwarz/KKV0e1gcLkiuliLnIahu-0C2pJjY6dVoCKCM9sNW5pY/sm:1/w:427/h:320/cz/M6Ly9wcm9kLWNhd/GFsb2ctbWVkaWEvc2kvMS8wMEVEMTA1Mjc0QkE2M0IyRjE3NEQ5MkE/wRUU5NzMwNzg5MEM4ODA4RDA0MzBENERFMjQ1QkFCMEY3N0Y0QTQ5LmpwZw.jpg",
      "https://imgproxy-retcat.assets.schwarz/OuessgMyT8gFk2Valxof4KRBvanvrh6kf40JuO9xcGE/sm:1/w:427/h:320/cz/M6Ly9wcm9kLWNhd/GFsb2ctbWVkaWEvc2kvMS9DNDIxMUYzQ0IyMDEwMUI2QjhENDhFQ0Q/3QzBBODk1MDFBMDQwNjlCOUUzRTNFMDUxRjY4MDRDODE4M0RDRkNFLmpwZw.jpg",
      "https://imgproxy-retcat.assets.schwarz/lk96cE1fQiiPNDOTvtkOKcmz94OIBJ803GdBhhvPO_M/sm:1/w:427/h:320/cz/M6Ly9wcm9kLWNhd/GFsb2ctbWVkaWEvc2kvMS8zOTg2OEZFODEyOUI2NDg5NTdBNTVBQzM/4NERBMjk1RUFDMERDMTA1QURCRjA0RTYyRUUxMDMyQkMyQjczQzU4LmpwZw.jpg"
    ],
    "image_accessibility": "Dva kozarca Ajvarja, tradicionalne srbske omake.",
    "detailed_images": [
      {
        "url": "https://imgproxy-retcat.assets.schwarz/KKV0e1gcLkiuliLnIahu-0C2pJjY6dVoCKCM9sNW5pY/sm:1/w:427/h:320/cz/M6Ly9wcm9kLWNhd/GFsb2ctbWVkaWEvc2kvMS8wMEVEMTA1Mjc0QkE2M0IyRjE3NEQ5MkE/wRUU5NzMwNzg5MEM4ODA4RDA0MzBENERFMjQ1QkFCMEY3N0Y0QTQ5LmpwZw.jpg",
        "accessibility": "Dva kozarca Ajvarja, tradicionalne srbske omake."
      },
      {
        "url": "https://imgproxy-retcat.assets.schwarz/OuessgMyT8gFk2Valxof4KRBvanvrh6kf40JuO9xcGE/sm:1/w:427/h:320/cz/M6Ly9wcm9kLWNhd/GFsb2ctbWVkaWEvc2kvMS9DNDIxMUYzQ0IyMDEwMUI2QjhENDhFQ0Q/3QzBBODk1MDFBMDQwNjlCOUUzRTNFMDUxRjY4MDRDODE4M0RDRkNFLmpwZw.jpg",
        "accessibility": "Pakiranje sira Malla s sliko zelišč."
      },
      {
        "url": "https://imgproxy-retcat.assets.schwarz/lk96cE1fQiiPNDOTvtkOKcmz94OIBJ803GdBhhvPO_M/sm:1/w:427/h:320/cz/M6Ly9wcm9kLWNhd/GFsb2ctbWVkaWEvc2kvMS8zOTg2OEZFODEyOUI2NDg5NTdBNTVBQzM/4NERBMjk1RUFDMERDMTA1QURCRjA0RTYyRUUxMDMyQkMyQjczQzU4LmpwZw.jpg",
        "accessibility": "Alahlijeva pita z bučkami in sirom."
      }
    ],
    "analytics_category": "Food",
    "more_details": "Dodatne podrobnosti o izdelku",
    "won_category_primary": "Svetovi potreb/Hrana in bližnja hrana/Sir in mlečni izdelki (vključno z maslom in sirom)",
    "won_category_primary_path": "0/17/1718",
    "canonical_path": "/p/sol-mar-portugalski-sir/p10082309",
    "canonical_url": "/p/sol-mar-portugalski-sir/p10082309",
    "awards": [],
    "seals": [
      {
        "altText": "Nalepka: Hlajeno",
        "image": "https://imgproxy-retcat.assets.schwarz/7x3Iby7aD19hFySDnP2YoXt7E1r0JrvJVj0QO1gUOes/sm:1/w:140/cz/M6Ly9wcm9kLWNhd/GFsb2ctbWVkaWEvc2kvMi8xMzFBN0E2RDlCREZGREQxOEE2OTFDNEZ/FNDE5RTM0QUMxQjY4OEQ0OUY2QTAxMTRDRjQ1RjdCNTNDRjM2NUJBLnBuZw.png"
      }
    ],
    "ribbons": [],
    "highlighted_seals": 0,
    "lidl_plus": [],
    "regions": [],
    "ians": [
      "5907658"
    ],
    "show_brand": true,
    "deal_of_day_active": false,
    "full_title_meta": "SOL&MAR Portugalski sir",
    "lists": [
      4986
    ],
    "preview": false,
    "category_breadcrumbs": [
      {
        "id": "10068374",
        "name": "Hrana in pijača",
        "url": "/c/hrana-in-pijaca/s10068374",
        "hidden": false
      },
      {
        "id": "10071017",
        "name": " Sir &  Mlečni izdelki",
        "url": "/h/sir-mlecni-izdelki/h10071017",
        "hidden": false
      }
    ],
    "campaigns": [
      {
        "id": "Current_Sales_Week",
        "name": "Ta teden",
        "url": null,
        "hidden": false
      },
      {
        "id": "10074825",
        "name": "Navdih iberksega polotoka",
        "url": "/c/navdih-iberksega-polotoka/a10074825",
        "hidden": false
      }
    ],
    "world_of_needs_code": "1718",
    "world_of_needs_name": "Sir in mlečni izdelki (vključno z maslom in sirom)",
    "world_of_needs_parent": "17",
    "is_main_category": true,
    "super_categories": [
      {
        "code": "17",
        "name": "Hrana in bližnja hrana",
        "parent": "0"
      },
      {
        "code": "0",
        "name": "Svetovi potreb",
        "parent": ""
      }
    ],
    "position": 363,
    "tracking_payload": {
      "searchTrackingMasterId": "Product.10082309",
      "searchTrackingTitle": "Portugalski+sir",
      "searchTrackingPageSize": 100,
      "searchTrackingPage": 4,
      "searchTrackingEvent": "click",
      "list": "search",
      "searchTrackingId": "Product.10082309",
      "searchTrackingOrigPos": 1,
      "searchTrackingPos": 363,
      "searchTrackingOrigPageSize": 100,
      "searchTrackingChannel": "SI",
      "category": "Food"
    }
  },
  {
    "code": "10082311",
    "name": "Narezek",
    "url": "",
    "result_class": "product",
    "type": "product",
    "product_id": 10082311,
    "erp_number": "10082311",
    "item_id": 10082311,
    "full_title": "SOL&MAR Narezek",
    "title": "Narezek",
    "category": "Food",
    "product_type": "RETAIL",
    "age_restriction": false,
    "is_used_product": false,
    "multipack": false,
    "online": false,
    "store": true,
    "quick_add_to_cart": false,
    "flash_sales": false,
    "having_videos": false,
    "having_threesixty": false,
    "price": 2.39,
    "old_price": 0.0,
    "currency_code": "EUR",
    "currency_symbol": "€",
    "has_star": true,
    "has_vat": false,
    "price_theme": "white_red",
    "variants_have_different_prices": false,
    "base_price_text": "1 kg = 23.90",
    "base_price_prefix": false,
    "packaging_text": "100 g",
    "discount_deleted_price": null,
    "discount_text": "ZGRABITE PRILOŽNOST!",
    "discount_percentage": null,
    "discount_has_star": false,
    "show_discount": false,
    "show_percentage": false,
    "from_recommended_price": false,
    "availability_indicator": 0,
    "online_available": false,
    "min_orderable_quantity": 1,
    "orderable_quantities": [],
    "badge_texts": [
      "V trgovini od 07.07."
    ],
    "badge_types": [
      "IN_STORE_FROM_DATE_TODAY"
    ],
    "main_image": "https://imgproxy-retcat.assets.schwarz/MAd3RX1LR0JVJX1veJo7x2fUC0lBuh32oNh-7u-ajpE/sm:1/w:427/h:320/cz/M6Ly9wcm9kLWNhd/GFsb2ctbWVkaWEvc2kvMS9GODE1MkNBQzRENzQyNDRCMzJDQTA0QTM/3N0M4RjgzN0JCMzM0RDhEMUM2ODQzMzQ1NzQ3MUNFQzlGRDkwRjYwLmpwZw.jpg",
    "image_list": [
      "https://imgproxy-retcat.assets.schwarz/MAd3RX1LR0JVJX1veJo7x2fUC0lBuh32oNh-7u-ajpE/sm:1/w:427/h:320/cz/M6Ly9wcm9kLWNhd/GFsb2ctbWVkaWEvc2kvMS9GODE1MkNBQzRENzQyNDRCMzJDQTA0QTM/3N0M4RjgzN0JCMzM0RDhEMUM2ODQzMzQ1NzQ3MUNFQzlGRDkwRjYwLmpwZw.jpg"
    ],
    "image_accessibility": "Paket treh vrst suhih klobas Milbona.",
    "detailed_images": [
      {
        "url": "https://imgproxy-retcat.assets.schwarz/MAd3RX1LR0JVJX1veJo7x2fUC0lBuh32oNh-7u-ajpE/sm:1/w:427/h:320/cz/M6Ly9wcm9kLWNhd/GFsb2ctbWVkaWEvc2kvMS9GODE1MkNBQzRENzQyNDRCMzJDQTA0QTM/3N0M4RjgzN0JCMzM0RDhEMUM2ODQzMzQ1NzQ3MUNFQzlGRDkwRjYwLmpwZw.jpg",
        "accessibility": "Paket treh vrst suhih klobas Milbona."
      }
    ],
    "analytics_category": "Food",
    "more_details": "Dodatne podrobnosti o izdelku",
    "won_category_primary": "Svetovi potreb/Hrana in bližnja hrana/Klobase in meso",
    "won_category_primary_path": "0/17/1717",
    "canonical_path": "/p/sol-mar-narezek/p10082311",
    "canonical_url": "/p/sol-mar-narezek/p10082311",
    "awards": [],
    "seals": [
      {
        "altText": "Nalepka: NOVO!",
        "image": "https://imgproxy-retcat.assets.schwarz/gW7U9oAMEinoB9aSfR-kefCuzYAnn4a_JeAvwiBZ8jM/sm:1/w:140/cz/M6Ly9wcm9kLWNhd/GFsb2ctbWVkaWEvc2kvMi8xMzJDOEE4QTc5MEM1OUI0Q0UxNUQ5OUV/GRjE1MTJBOThEN0JEOEI5NEU0MzkzRkRGQjk3Q0NCOUE5MjIxODNCLnBuZw.png"
      },
      {
        "altText": "Nalepka: Hlajeno",
        "image": "https://imgproxy-retcat.assets.schwarz/7x3Iby7aD19hFySDnP2YoXt7E1r0JrvJVj0QO1gUOes/sm:1/w:140/cz/M6Ly9wcm9kLWNhd/GFsb2ctbWVkaWEvc2kvMi8xMzFBN0E2RDlCREZGREQxOEE2OTFDNEZ/FNDE5RTM0QUMxQjY4OEQ0OUY2QTAxMTRDRjQ1RjdCNTNDRjM2NUJBLnBuZw.png"
      }
    ],
    "ribbons": [],
    "highlighted_seals": 0,
    "lidl_plus": [],
    "regions": [],
    "ians": [
      "5912109"
    ],
    "show_brand": true,
    "deal_of_day_active": false,
    "full_title_meta": "SOL&MAR Narezek",
    "lists": [
      4986
    ],
    "preview": false,
    "category_breadcrumbs": [
      {
        "id": "10068374",
        "name": "Hrana in pijača",
        "url": "/c/hrana-in-pijaca/s10068374",
        "hidden": false
      },
      {
        "id": "10071016",
        "name": "Meso in mesni izdelki",
        "url": "/h/meso-in-mesni-izdelki/h10071016",
        "hidden": false
      }
    ],
    "campaigns": [
      {
        "id": "Current_Sales_Week",
        "name": "Ta teden",
        "url": null,
        "hidden": false
      },
      {
        "id": "10074825",
        "name": "Navdih iberksega polotoka",
        "url": "/c/navdih-iberksega-polotoka/a10074825",
        "hidden": false
      }
    ],
    "world_of_needs_code": "1717",
    "world_of_needs_name": "Klobase in meso",
    "world_of_needs_parent": "17",
    "is_main_category": true,
    "super_categories": [
      {
        "code": "17",
        "name": "Hrana in bližnja hrana",
        "parent": "0"
      },
      {
        "code": "0",
        "name": "Svetovi potreb",
        "parent": ""
      }
    ],
    "position": 364,
    "tracking_payload": {
      "searchTrackingMasterId": "Product.10082311",
      "searchTrackingTitle": "Narezek",
      "searchTrackingPageSize": 100,
      "searchTrackingPage": 4,
      "searchTrackingEvent": "click",
      "list": "search",
      "searchTrackingId": "Product.10082311",
      "searchTrackingOrigPos": 1,
      "searchTrackingPos": 364,
      "searchTrackingOrigPageSize": 100,
      "searchTrackingChannel": "SI",
      "category": "Food"
    }
  },
  {
    "code": "10082313",
    "name": "Španska klobasa „Chorizo“",
    "url": "",
    "result_class": "product",
    "type": "product",
    "product_id": 10082313,
    "erp_number": "10082313",
    "item_id": 10082313,
    "full_title": "SOL&MAR Španska klobasa „Chorizo“",
    "title": "Španska klobasa „Chorizo“",
    "category": "Food",
    "product_type": "RETAIL",
    "age_restriction": false,
    "is_used_product": false,
    "multipack": false,
    "online": false,
    "store": true,
    "quick_add_to_cart": false,
    "flash_sales": false,
    "having_videos": false,
    "having_threesixty": false,
    "price": 2.99,
    "old_price": 0.0,
    "currency_code": "EUR",
    "currency_symbol": "€",
    "has_star": true,
    "has_vat": false,
    "price_theme": "white_red",
    "variants_have_different_prices": false,
    "base_price_text": "1 kg = 11.50",
    "base_price_prefix": false,
    "packaging_text": "260 g",
    "discount_deleted_price": null,
    "discount_text": null,
    "discount_percentage": null,
    "discount_has_star": null,
    "show_discount": null,
    "show_percentage": null,
    "from_recommended_price": null,
    "availability_indicator": 0,
    "online_available": false,
    "min_orderable_quantity": 1,
    "orderable_quantities": [],
    "badge_texts": [
      "V trgovini od 07.07."
    ],
    "badge_types": [
      "IN_STORE_FROM_DATE_TODAY"
    ],
    "main_image": "https://imgproxy-retcat.assets.schwarz/fSuq737FHmC5cIlWdL8efhmEEXNvPCg-TQRdy2BkegQ/sm:1/w:427/h:320/cz/M6Ly9wcm9kLWNhd/GFsb2ctbWVkaWEvc2kvMS9CQUEyMzVFRDY5MjRBNTcxMTlCOTM1MDI/yRjYwMTNGMzJCOTFFNkYxOUNCMzA5ODE5MzZBOEY4QjJDRUNGODkwLmpwZw.jpg",
    "image_list": [
      "https://imgproxy-retcat.assets.schwarz/fSuq737FHmC5cIlWdL8efhmEEXNvPCg-TQRdy2BkegQ/sm:1/w:427/h:320/cz/M6Ly9wcm9kLWNhd/GFsb2ctbWVkaWEvc2kvMS9CQUEyMzVFRDY5MjRBNTcxMTlCOTM1MDI/yRjYwMTNGMzJCOTFFNkYxOUNCMzA5ODE5MzZBOEY4QjJDRUNGODkwLmpwZw.jpg",
      "https://imgproxy-retcat.assets.schwarz/N-XYAWHrLcCe5yH2LKUACDubSC7IqkcRwzjCdwYcTpk/sm:1/w:427/h:320/cz/M6Ly9wcm9kLWNhd/GFsb2ctbWVkaWEvc2kvMS8wQTc0NTAyREVFNzJEQjc1RTdEMjc1Q0I/xOTU3RjNGNzdENDQ0QzYwMDA3N0MzQzI5NTFGOTk4RjhERjU0N0FELmpwZw.jpg",
      "https://imgproxy-retcat.assets.schwarz/n3PHuBUACWYq9b8NdwfuGH0DOi96CjUmQ-5wVlOTOq8/sm:1/w:427/h:320/cz/M6Ly9wcm9kLWNhd/GFsb2ctbWVkaWEvc2kvMS8zQTg4NjE4ODEzNkI0OUFCMkJERDA2N0R/DNTU0OTA0RDg4NDM1MENCMTc4ODI0Qjk0MzY1RDdBNURFNjM4NTIxLmpwZw.jpg"
    ],
    "image_accessibility": "Dve pakiranji klobas, ena rdeča, ena modra.",
    "detailed_images": [
      {
        "url": "https://imgproxy-retcat.assets.schwarz/fSuq737FHmC5cIlWdL8efhmEEXNvPCg-TQRdy2BkegQ/sm:1/w:427/h:320/cz/M6Ly9wcm9kLWNhd/GFsb2ctbWVkaWEvc2kvMS9CQUEyMzVFRDY5MjRBNTcxMTlCOTM1MDI/yRjYwMTNGMzJCOTFFNkYxOUNCMzA5ODE5MzZBOEY4QjJDRUNGODkwLmpwZw.jpg",
        "accessibility": "Dve pakiranji klobas, ena rdeča, ena modra."
      },
      {
        "url": "https://imgproxy-retcat.assets.schwarz/N-XYAWHrLcCe5yH2LKUACDubSC7IqkcRwzjCdwYcTpk/sm:1/w:427/h:320/cz/M6Ly9wcm9kLWNhd/GFsb2ctbWVkaWEvc2kvMS8wQTc0NTAyREVFNzJEQjc1RTdEMjc1Q0I/xOTU3RjNGNzdENDQ0QzYwMDA3N0MzQzI5NTFGOTk4RjhERjU0N0FELmpwZw.jpg",
        "accessibility": "Pakiranje španske čoriço klobase."
      },
      {
        "url": "https://imgproxy-retcat.assets.schwarz/n3PHuBUACWYq9b8NdwfuGH0DOi96CjUmQ-5wVlOTOq8/sm:1/w:427/h:320/cz/M6Ly9wcm9kLWNhd/GFsb2ctbWVkaWEvc2kvMS8zQTg4NjE4ODEzNkI0OUFCMkJERDA2N0R/DNTU0OTA0RDg4NDM1MENCMTc4ODI0Qjk0MzY1RDdBNURFNjM4NTIxLmpwZw.jpg",
        "accessibility": "Pakirana španska chorizo klobasa."
      }
    ],
    "analytics_category": "Food",
    "more_details": "Dodatne podrobnosti o izdelku",
    "won_category_primary": "Svetovi potreb/Hrana in bližnja hrana/Klobase in meso",
    "won_category_primary_path": "0/17/1717",
    "canonical_path": "/p/sol-mar-spanska-klobasa-chorizo/p10082313",
    "canonical_url": "/p/sol-mar-spanska-klobasa-chorizo/p10082313",
    "awards": [],
    "seals": [
      {
        "altText": "Žig: PRODUCTO ESPAÑOL",
        "image": "https://imgproxy-retcat.assets.schwarz/FTXkSRvAczDh03LfvoK84k2qVbDDcK3NGtc7HdBCEq0/sm:1/w:140/cz/M6Ly9wcm9kLWNhd/GFsb2ctbWVkaWEvc2kvMi80RjUxRENCNUZEOEVCQTcxOENBMjM2Mzg/5MkU3OTlGMTA0RTYzQUQyNTA0RTUxNDExQTdCM0Y4N0I3MjIyMTgyLnBuZw.png"
      },
      {
        "altText": "Nalepka: Hlajeno",
        "image": "https://imgproxy-retcat.assets.schwarz/7x3Iby7aD19hFySDnP2YoXt7E1r0JrvJVj0QO1gUOes/sm:1/w:140/cz/M6Ly9wcm9kLWNhd/GFsb2ctbWVkaWEvc2kvMi8xMzFBN0E2RDlCREZGREQxOEE2OTFDNEZ/FNDE5RTM0QUMxQjY4OEQ0OUY2QTAxMTRDRjQ1RjdCNTNDRjM2NUJBLnBuZw.png"
      }
    ],
    "ribbons": [],
    "highlighted_seals": 0,
    "lidl_plus": [],
    "regions": [],
    "ians": [
      "5702227"
    ],
    "show_brand": true,
    "deal_of_day_active": false,
    "full_title_meta": "SOL&MAR Španska klobasa „Chorizo“",
    "lists": [
      4986
    ],
    "preview": false,
    "category_breadcrumbs": [
      {
        "id": "10068374",
        "name": "Hrana in pijača",
        "url": "/c/hrana-in-pijaca/s10068374",
        "hidden": false
      },
      {
        "id": "10071016",
        "name": "Meso in mesni izdelki",
        "url": "/h/meso-in-mesni-izdelki/h10071016",
        "hidden": false
      }
    ],
    "campaigns": [
      {
        "id": "Current_Sales_Week",
        "name": "Ta teden",
        "url": null,
        "hidden": false
      },
      {
        "id": "10074825",
        "name": "Navdih iberksega polotoka",
        "url": "/c/navdih-iberksega-polotoka/a10074825",
        "hidden": false
      }
    ],
    "world_of_needs_code": "1717",
    "world_of_needs_name": "Klobase in meso",
    "world_of_needs_parent": "17",
    "is_main_category": true,
    "super_categories": [
      {
        "code": "17",
        "name": "Hrana in bližnja hrana",
        "parent": "0"
      },
      {
        "code": "0",
        "name": "Svetovi potreb",
        "parent": ""
      }
    ],
    "position": 365,
    "tracking_payload": {
      "searchTrackingMasterId": "Product.10082313",
      "searchTrackingTitle": "%C5%A0panska+klobasa+%E2%80%9EChorizo%E2%80%9C",
      "searchTrackingPageSize": 100,
      "searchTrackingPage": 4,
      "searchTrackingEvent": "click",
      "list": "search",
      "searchTrackingId": "Product.10082313",
      "searchTrackingOrigPos": 1,
      "searchTrackingPos": 365,
      "searchTrackingOrigPageSize": 100,
      "searchTrackingChannel": "SI",
      "category": "Food"
    }
  },
  {
    "code": "10082315",
    "name": "Španski mesni narezek „Tapas de Chorizo“",
    "url": "",
    "result_class": "product",
    "type": "product",
    "product_id": 10082315,
    "erp_number": "10082315",
    "item_id": 10082315,
    "full_title": "SOL&MAR Španski mesni narezek „Tapas de Chorizo“",
    "title": "Španski mesni narezek „Tapas de Chorizo“",
    "category": "Food",
    "product_type": "RETAIL",
    "age_restriction": false,
    "is_used_product": false,
    "multipack": false,
    "online": false,
    "store": true,
    "quick_add_to_cart": false,
    "flash_sales": false,
    "having_videos": false,
    "having_threesixty": false,
    "price": 1.49,
    "old_price": 0.0,
    "currency_code": "EUR",
    "currency_symbol": "€",
    "has_star": true,
    "has_vat": false,
    "price_theme": "white_red",
    "variants_have_different_prices": false,
    "base_price_text": "1 kg = 14.90",
    "base_price_prefix": false,
    "packaging_text": "100 g",
    "discount_deleted_price": null,
    "discount_text": null,
    "discount_percentage": null,
    "discount_has_star": null,
    "show_discount": null,
    "show_percentage": null,
    "from_recommended_price": null,
    "availability_indicator": 0,
    "online_available": false,
    "min_orderable_quantity": 1,
    "orderable_quantities": [],
    "badge_texts": [
      "V trgovini od 07.07."
    ],
    "badge_types": [
      "IN_STORE_FROM_DATE_TODAY"
    ],
    "main_image": "https://imgproxy-retcat.assets.schwarz/P9zqMU3OApzT47JZR-DqXkgK6AywHXDIFgyy3di1-dc/sm:1/w:427/h:320/cz/M6Ly9wcm9kLWNhd/GFsb2ctbWVkaWEvc2kvMS8xQkY1QzgxMUE4MUEwQTg3RDBGMDdDNzh/FMjVCRUI5NDI0MTBCMTA2NENFQTdCNkQwMUVCNjNBMjlDQzkzQUJBLmpwZw.jpg",
    "image_list": [
      "https://imgproxy-retcat.assets.schwarz/P9zqMU3OApzT47JZR-DqXkgK6AywHXDIFgyy3di1-dc/sm:1/w:427/h:320/cz/M6Ly9wcm9kLWNhd/GFsb2ctbWVkaWEvc2kvMS8xQkY1QzgxMUE4MUEwQTg3RDBGMDdDNzh/FMjVCRUI5NDI0MTBCMTA2NENFQTdCNkQwMUVCNjNBMjlDQzkzQUJBLmpwZw.jpg"
    ],
    "image_accessibility": "Posoda s španskimi tapasimi čorija (chorizo) znamke La Meiga.",
    "detailed_images": [
      {
        "url": "https://imgproxy-retcat.assets.schwarz/P9zqMU3OApzT47JZR-DqXkgK6AywHXDIFgyy3di1-dc/sm:1/w:427/h:320/cz/M6Ly9wcm9kLWNhd/GFsb2ctbWVkaWEvc2kvMS8xQkY1QzgxMUE4MUEwQTg3RDBGMDdDNzh/FMjVCRUI5NDI0MTBCMTA2NENFQTdCNkQwMUVCNjNBMjlDQzkzQUJBLmpwZw.jpg",
        "accessibility": "Posoda s španskimi tapasimi čorija (chorizo) znamke La Meiga."
      }
    ],
    "analytics_category": "Food",
    "more_details": "Dodatne podrobnosti o izdelku",
    "won_category_primary": "Svetovi potreb/Hrana in bližnja hrana/Klobase in meso",
    "won_category_primary_path": "0/17/1717",
    "canonical_path": "/p/sol-mar-spanski-mesni-narezek-tapas-de-chorizo/p10082315",
    "canonical_url": "/p/sol-mar-spanski-mesni-narezek-tapas-de-chorizo/p10082315",
    "awards": [],
    "seals": [
      {
        "altText": "Žig: PRODUCTO ESPAÑOL",
        "image": "https://imgproxy-retcat.assets.schwarz/FTXkSRvAczDh03LfvoK84k2qVbDDcK3NGtc7HdBCEq0/sm:1/w:140/cz/M6Ly9wcm9kLWNhd/GFsb2ctbWVkaWEvc2kvMi80RjUxRENCNUZEOEVCQTcxOENBMjM2Mzg/5MkU3OTlGMTA0RTYzQUQyNTA0RTUxNDExQTdCM0Y4N0I3MjIyMTgyLnBuZw.png"
      },
      {
        "altText": "Nalepka: Hlajeno",
        "image": "https://imgproxy-retcat.assets.schwarz/7x3Iby7aD19hFySDnP2YoXt7E1r0JrvJVj0QO1gUOes/sm:1/w:140/cz/M6Ly9wcm9kLWNhd/GFsb2ctbWVkaWEvc2kvMi8xMzFBN0E2RDlCREZGREQxOEE2OTFDNEZ/FNDE5RTM0QUMxQjY4OEQ0OUY2QTAxMTRDRjQ1RjdCNTNDRjM2NUJBLnBuZw.png"
      }
    ],
    "ribbons": [],
    "highlighted_seals": 0,
    "lidl_plus": [],
    "regions": [],
    "ians": [
      "5701595"
    ],
    "show_brand": true,
    "deal_of_day_active": false,
    "full_title_meta": "SOL&MAR Španski mesni narezek „Tapas de Chorizo“",
    "lists": [
      4986
    ],
    "preview": false,
    "category_breadcrumbs": [
      {
        "id": "10068374",
        "name": "Hrana in pijača",
        "url": "/c/hrana-in-pijaca/s10068374",
        "hidden": false
      },
      {
        "id": "10071016",
        "name": "Meso in mesni izdelki",
        "url": "/h/meso-in-mesni-izdelki/h10071016",
        "hidden": false
      }
    ],
    "campaigns": [
      {
        "id": "Current_Sales_Week",
        "name": "Ta teden",
        "url": null,
        "hidden": false
      },
      {
        "id": "10074825",
        "name": "Navdih iberksega polotoka",
        "url": "/c/navdih-iberksega-polotoka/a10074825",
        "hidden": false
      }
    ],
    "world_of_needs_code": "1717",
    "world_of_needs_name": "Klobase in meso",
    "world_of_needs_parent": "17",
    "is_main_category": true,
    "super_categories": [
      {
        "code": "17",
        "name": "Hrana in bližnja hrana",
        "parent": "0"
      },
      {
        "code": "0",
        "name": "Svetovi potreb",
        "parent": ""
      }
    ],
    "position": 366,
    "tracking_payload": {
      "searchTrackingMasterId": "Product.10082315",
      "searchTrackingTitle": "%C5%A0panski+mesni+narezek+%E2%80%9ETapas+de+Chorizo%E2%80%9C",
      "searchTrackingPageSize": 100,
      "searchTrackingPage": 4,
      "searchTrackingEvent": "click",
      "list": "search",
      "searchTrackingId": "Product.10082315",
      "searchTrackingOrigPos": 1,
      "searchTrackingPos": 366,
      "searchTrackingOrigPageSize": 100,
      "searchTrackingChannel": "SI",
      "category": "Food"
    }
  },
  {
    "code": "10082317",
    "name": "Krompirjeva omleta",
    "url": "",
    "result_class": "product",
    "type": "product",
    "product_id": 10082317,
    "erp_number": "10082317",
    "item_id": 10082317,
    "full_title": "SOL&MAR Krompirjeva omleta",
    "title": "Krompirjeva omleta",
    "category": "Food",
    "product_type": "RETAIL",
    "age_restriction": false,
    "is_used_product": false,
    "multipack": false,
    "online": false,
    "store": true,
    "quick_add_to_cart": false,
    "flash_sales": false,
    "having_videos": false,
    "having_threesixty": false,
    "price": 2.99,
    "old_price": 0.0,
    "currency_code": "EUR",
    "currency_symbol": "€",
    "has_star": true,
    "has_vat": false,
    "price_theme": "white_red",
    "variants_have_different_prices": false,
    "base_price_text": "1 kg = 5.98",
    "base_price_prefix": false,
    "packaging_text": "500 g",
    "discount_deleted_price": null,
    "discount_text": "ZGRABITE PRILOŽNOST!",
    "discount_percentage": null,
    "discount_has_star": false,
    "show_discount": false,
    "show_percentage": false,
    "from_recommended_price": false,
    "availability_indicator": 0,
    "online_available": false,
    "min_orderable_quantity": 1,
    "orderable_quantities": [],
    "badge_texts": [
      "V trgovini od 07.07."
    ],
    "badge_types": [
      "IN_STORE_FROM_DATE_TODAY"
    ],
    "main_image": "https://imgproxy-retcat.assets.schwarz/KqTy082NK4ET0yYRE5U49M-HWtUn2hu3TH7xn2TOP-w/sm:1/w:427/h:320/cz/M6Ly9wcm9kLWNhd/GFsb2ctbWVkaWEvc2kvMS81RERBMjdGRjE2RERGRkY2RDdGMEEyODA/5MUNERTg0NDdENDhDMzgyQjU1NkE0RUFEMEIxRDM3QzE5OUQyMDU2LmpwZw.jpg",
    "image_list": [
      "https://imgproxy-retcat.assets.schwarz/KqTy082NK4ET0yYRE5U49M-HWtUn2hu3TH7xn2TOP-w/sm:1/w:427/h:320/cz/M6Ly9wcm9kLWNhd/GFsb2ctbWVkaWEvc2kvMS81RERBMjdGRjE2RERGRkY2RDdGMEEyODA/5MUNERTg0NDdENDhDMzgyQjU1NkE0RUFEMEIxRDM3QzE5OUQyMDU2LmpwZw.jpg",
      "https://imgproxy-retcat.assets.schwarz/gaVxZ-54mPncoAibitvvxkMn6vuPKNxySB6brFvdet4/sm:1/w:427/h:320/cz/M6Ly9wcm9kLWNhd/GFsb2ctbWVkaWEvc2kvMS84RUMwNTlDQTQyMDRCMzhBMDA4RDlGRTF/FQkFDRDVDNEM5NjkyQThGNUFERTUxQzNDMThEQkE2RDY2MkZCOEQxLmpwZw.jpg",
      "https://imgproxy-retcat.assets.schwarz/_7RFZO7ZEQ3NgWQBugjTKjAv4azaZPdHnT-N5_Pd2WE/sm:1/w:427/h:320/cz/M6Ly9wcm9kLWNhd/GFsb2ctbWVkaWEvc2kvMS8yQjFDNjI0MTY5MzQ3OUU4QjU5OEY1Nzd/FMDU4MTY2MTc4ODFFNUQ2NDUwREFGNjQ3NjkxNUQ1RDdFMUJFQjRELmpwZw.jpg"
    ],
    "image_accessibility": "Trije okrogli paketi sira Président z različnimi zelišči in začimbami.",
    "detailed_images": [
      {
        "url": "https://imgproxy-retcat.assets.schwarz/KqTy082NK4ET0yYRE5U49M-HWtUn2hu3TH7xn2TOP-w/sm:1/w:427/h:320/cz/M6Ly9wcm9kLWNhd/GFsb2ctbWVkaWEvc2kvMS81RERBMjdGRjE2RERGRkY2RDdGMEEyODA/5MUNERTg0NDdENDhDMzgyQjU1NkE0RUFEMEIxRDM3QzE5OUQyMDU2LmpwZw.jpg",
        "accessibility": "Trije okrogli paketi sira Président z različnimi zelišči in začimbami."
      },
      {
        "url": "https://imgproxy-retcat.assets.schwarz/gaVxZ-54mPncoAibitvvxkMn6vuPKNxySB6brFvdet4/sm:1/w:427/h:320/cz/M6Ly9wcm9kLWNhd/GFsb2ctbWVkaWEvc2kvMS84RUMwNTlDQTQyMDRCMzhBMDA4RDlGRTF/FQkFDRDVDNEM5NjkyQThGNUFERTUxQzNDMThEQkE2RDY2MkZCOEQxLmpwZw.jpg",
        "accessibility": "Okrogla španska omleta s sirom, pakirana za prodajo."
      },
      {
        "url": "https://imgproxy-retcat.assets.schwarz/_7RFZO7ZEQ3NgWQBugjTKjAv4azaZPdHnT-N5_Pd2WE/sm:1/w:427/h:320/cz/M6Ly9wcm9kLWNhd/GFsb2ctbWVkaWEvc2kvMS8yQjFDNjI0MTY5MzQ3OUU4QjU5OEY1Nzd/FMDU4MTY2MTc4ODFFNUQ2NDUwREFGNjQ3NjkxNUQ1RDdFMUJFQjRELmpwZw.jpg",
        "accessibility": "Jelenov zelenjavni namaz v posodi."
      }
    ],
    "analytics_category": "Food",
    "more_details": "Dodatne podrobnosti o izdelku",
    "won_category_primary": "Svetovi potreb/Hrana in bližnja hrana/Pripravljene jedi (razen zamrznjene pice itd. in pekovskih izdelkov)",
    "won_category_primary_path": "0/17/1711",
    "canonical_path": "/p/sol-mar-krompirjeva-omleta/p10082317",
    "canonical_url": "/p/sol-mar-krompirjeva-omleta/p10082317",
    "awards": [],
    "seals": [
      {
        "altText": "Nalepka: Hlajeno",
        "image": "https://imgproxy-retcat.assets.schwarz/7x3Iby7aD19hFySDnP2YoXt7E1r0JrvJVj0QO1gUOes/sm:1/w:140/cz/M6Ly9wcm9kLWNhd/GFsb2ctbWVkaWEvc2kvMi8xMzFBN0E2RDlCREZGREQxOEE2OTFDNEZ/FNDE5RTM0QUMxQjY4OEQ0OUY2QTAxMTRDRjQ1RjdCNTNDRjM2NUJBLnBuZw.png"
      }
    ],
    "ribbons": [],
    "highlighted_seals": 0,
    "lidl_plus": [],
    "regions": [],
    "ians": [
      "5701694"
    ],
    "show_brand": true,
    "deal_of_day_active": false,
    "full_title_meta": "SOL&MAR Krompirjeva omleta",
    "lists": [
      4986
    ],
    "preview": false,
    "category_breadcrumbs": [
      {
        "id": "10068374",
        "name": "Hrana in pijača",
        "url": "/c/hrana-in-pijaca/s10068374",
        "hidden": false
      },
      {
        "id": "10071020",
        "name": "Gotove jed",
        "url": "/h/gotove-jed/h10071020",
        "hidden": false
      }
    ],
    "campaigns": [
      {
        "id": "Current_Sales_Week",
        "name": "Ta teden",
        "url": null,
        "hidden": false
      },
      {
        "id": "10074825",
        "name": "Navdih iberksega polotoka",
        "url": "/c/navdih-iberksega-polotoka/a10074825",
        "hidden": false
      }
    ],
    "world_of_needs_code": "1711",
    "world_of_needs_name": "Pripravljene jedi (razen zamrznjene pice itd. in pekovskih izdelkov)",
    "world_of_needs_parent": "17",
    "is_main_category": true,
    "super_categories": [
      {
        "code": "17",
        "name": "Hrana in bližnja hrana",
        "parent": "0"
      },
      {
        "code": "0",
        "name": "Svetovi potreb",
        "parent": ""
      }
    ],
    "position": 367,
    "tracking_payload": {
      "searchTrackingMasterId": "Product.10082317",
      "searchTrackingTitle": "Krompirjeva+omleta",
      "searchTrackingPageSize": 100,
      "searchTrackingPage": 4,
      "searchTrackingEvent": "click",
      "list": "search",
      "searchTrackingId": "Product.10082317",
      "searchTrackingOrigPos": 1,
      "searchTrackingPos": 367,
      "searchTrackingOrigPageSize": 100,
      "searchTrackingChannel": "SI",
      "category": "Food"
    }
  },
  {
    "code": "10082319",
    "name": "Omaka „Peri peri“",
    "url": "",
    "result_class": "product",
    "type": "product",
    "product_id": 10082319,
    "erp_number": "10082319",
    "item_id": 10082319,
    "full_title": "SOL&MAR Omaka „Peri peri“",
    "title": "Omaka „Peri peri“",
    "category": "Food",
    "product_type": "RETAIL",
    "age_restriction": false,
    "is_used_product": false,
    "multipack": false,
    "online": false,
    "store": true,
    "quick_add_to_cart": false,
    "flash_sales": false,
    "having_videos": false,
    "having_threesixty": false,
    "price": 1.29,
    "old_price": 0.0,
    "currency_code": "EUR",
    "currency_symbol": "€",
    "has_star": true,
    "has_vat": false,
    "price_theme": "white_red",
    "variants_have_different_prices": false,
    "base_price_text": "1 l = 5.16",
    "base_price_prefix": false,
    "packaging_text": "250 ml",
    "discount_deleted_price": null,
    "discount_text": null,
    "discount_percentage": null,
    "discount_has_star": null,
    "show_discount": null,
    "show_percentage": null,
    "from_recommended_price": null,
    "availability_indicator": 0,
    "online_available": false,
    "min_orderable_quantity": 1,
    "orderable_quantities": [],
    "badge_texts": [
      "V trgovini od 07.07."
    ],
    "badge_types": [
      "IN_STORE_FROM_DATE_TODAY"
    ],
    "main_image": "https://imgproxy-retcat.assets.schwarz/I58ZC7U2INERllIHIGvpmvIoEKPGLRipVL7Zny8WH8A/sm:1/w:427/h:320/cz/M6Ly9wcm9kLWNhd/GFsb2ctbWVkaWEvc2kvMS8zNUIwQTVCQkFENTlBNzVDRTQ4Mjg4MUJ/EMDIzNjZFQkNBQzZDNDU3NEIyQjNDM0VCMEY4NDZGNDUyQ0NBMUVELmpwZw.jpg",
    "image_list": [
      "https://imgproxy-retcat.assets.schwarz/I58ZC7U2INERllIHIGvpmvIoEKPGLRipVL7Zny8WH8A/sm:1/w:427/h:320/cz/M6Ly9wcm9kLWNhd/GFsb2ctbWVkaWEvc2kvMS8zNUIwQTVCQkFENTlBNzVDRTQ4Mjg4MUJ/EMDIzNjZFQkNBQzZDNDU3NEIyQjNDM0VCMEY4NDZGNDUyQ0NBMUVELmpwZw.jpg",
      "https://imgproxy-retcat.assets.schwarz/YolbjuOaw4mxhHpFyBQpZrxGaDKLacFfgiKDxyJhC3g/sm:1/w:427/h:320/cz/M6Ly9wcm9kLWNhd/GFsb2ctbWVkaWEvc2kvMS8zMTZGNTZCRjExNkM1NzIyMTIwMTQ4QTI/yNTFFQkUyMTYxMTJCOTgzMzk0Rjg5QUZCOUYzNThFNDhDRjE2QjRELmpwZw.jpg",
      "https://imgproxy-retcat.assets.schwarz/KhF9kUhYxwqFZExOvKnp-bztNGCs-M1V4KHTz61xukU/sm:1/w:427/h:320/cz/M6Ly9wcm9kLWNhd/GFsb2ctbWVkaWEvc2kvMS8yOTBCQTJCNDI1MjI5QkJCQjQyMDBDMDd/CRUM5NjA0MjFERUY5MUVCMjE0OEY4NDE2QTk2NjYxRTBEMDg3MzMzLmpwZw.jpg"
    ],
    "image_accessibility": "Dve steklenički Calvé omak, ena za solate, druga za testenine.",
    "detailed_images": [
      {
        "url": "https://imgproxy-retcat.assets.schwarz/I58ZC7U2INERllIHIGvpmvIoEKPGLRipVL7Zny8WH8A/sm:1/w:427/h:320/cz/M6Ly9wcm9kLWNhd/GFsb2ctbWVkaWEvc2kvMS8zNUIwQTVCQkFENTlBNzVDRTQ4Mjg4MUJ/EMDIzNjZFQkNBQzZDNDU3NEIyQjNDM0VCMEY4NDZGNDUyQ0NBMUVELmpwZw.jpg",
        "accessibility": "Dve steklenički Calvé omak, ena za solate, druga za testenine."
      },
      {
        "url": "https://imgproxy-retcat.assets.schwarz/YolbjuOaw4mxhHpFyBQpZrxGaDKLacFfgiKDxyJhC3g/sm:1/w:427/h:320/cz/M6Ly9wcm9kLWNhd/GFsb2ctbWVkaWEvc2kvMS8zMTZGNTZCRjExNkM1NzIyMTIwMTQ4QTI/yNTFFQkUyMTYxMTJCOTgzMzk0Rjg5QUZCOUYzNThFNDhDRjE2QjRELmpwZw.jpg",
        "accessibility": "Steklenica omake za žar."
      },
      {
        "url": "https://imgproxy-retcat.assets.schwarz/KhF9kUhYxwqFZExOvKnp-bztNGCs-M1V4KHTz61xukU/sm:1/w:427/h:320/cz/M6Ly9wcm9kLWNhd/GFsb2ctbWVkaWEvc2kvMS8yOTBCQTJCNDI1MjI5QkJCQjQyMDBDMDd/CRUM5NjA0MjFERUY5MUVCMjE0OEY4NDE2QTk2NjYxRTBEMDg3MzMzLmpwZw.jpg",
        "accessibility": "Stekleničica Hellmann's BBQ omake."
      }
    ],
    "analytics_category": "Food",
    "more_details": "Dodatne podrobnosti o izdelku",
    "won_category_primary": "Svetovi potreb/Hrana in bližnja hrana/Začimbe, gorčica in omake",
    "won_category_primary_path": "0/17/1736",
    "canonical_path": "/p/sol-mar-omaka-peri-peri/p10082319",
    "canonical_url": "/p/sol-mar-omaka-peri-peri/p10082319",
    "awards": [],
    "seals": [],
    "ribbons": [],
    "highlighted_seals": 0,
    "lidl_plus": [],
    "regions": [],
    "ians": [
      "205120"
    ],
    "show_brand": true,
    "deal_of_day_active": false,
    "full_title_meta": "SOL&MAR Omaka „Peri peri“",
    "lists": [
      4986
    ],
    "preview": false,
    "category_breadcrumbs": [
      {
        "id": "10068374",
        "name": "Hrana in pijača",
        "url": "/c/hrana-in-pijaca/s10068374",
        "hidden": false
      },
      {
        "id": "10071682",
        "name": "Začimbe, gorčica in omake",
        "url": "/h/zacimbe-gorcica-in-omake/h10071682",
        "hidden": false
      }
    ],
    "campaigns": [
      {
        "id": "Current_Sales_Week",
        "name": "Ta teden",
        "url": null,
        "hidden": false
      },
      {
        "id": "10074825",
        "name": "Navdih iberksega polotoka",
        "url": "/c/navdih-iberksega-polotoka/a10074825",
        "hidden": false
      }
    ],
    "world_of_needs_code": "1736",
    "world_of_needs_name": "Začimbe, gorčica in omake",
    "world_of_needs_parent": "17",
    "is_main_category": true,
    "super_categories": [
      {
        "code": "17",
        "name": "Hrana in bližnja hrana",
        "parent": "0"
      },
      {
        "code": "0",
        "name": "Svetovi potreb",
        "parent": ""
      }
    ],
    "position": 368,
    "tracking_payload": {
      "searchTrackingMasterId": "Product.10082319",
      "searchTrackingTitle": "Omaka+%E2%80%9EPeri+peri%E2%80%9C",
      "searchTrackingPageSize": 100,
      "searchTrackingPage": 4,
      "searchTrackingEvent": "click",
      "list": "search",
      "searchTrackingId": "Product.10082319",
      "searchTrackingOrigPos": 1,
      "searchTrackingPos": 368,
      "searchTrackingOrigPageSize": 100,
      "searchTrackingChannel": "SI",
      "category": "Food"
    }
  },
  {
    "code": "10082321",
    "name": "Suha klobasa „Longaniza de Payés“",
    "url": "",
    "result_class": "product",
    "type": "product",
    "product_id": 10082321,
    "erp_number": "10082321",
    "item_id": 10082321,
    "full_title": "SOL&MAR Suha klobasa „Longaniza de Payés“",
    "title": "Suha klobasa „Longaniza de Payés“",
    "category": "Food",
    "product_type": "RETAIL",
    "age_restriction": false,
    "is_used_product": false,
    "multipack": false,
    "online": false,
    "store": true,
    "quick_add_to_cart": false,
    "flash_sales": false,
    "having_videos": false,
    "having_threesixty": false,
    "price": 2.79,
    "old_price": 0.0,
    "currency_code": "EUR",
    "currency_symbol": "€",
    "has_star": true,
    "has_vat": false,
    "price_theme": "white_red",
    "variants_have_different_prices": false,
    "base_price_text": "1 kg = 11.16",
    "base_price_prefix": false,
    "packaging_text": "250 g",
    "discount_deleted_price": null,
    "discount_text": null,
    "discount_percentage": null,
    "discount_has_star": null,
    "show_discount": null,
    "show_percentage": null,
    "from_recommended_price": null,
    "availability_indicator": 0,
    "online_available": false,
    "min_orderable_quantity": 1,
    "orderable_quantities": [],
    "badge_texts": [
      "V trgovini od 07.07."
    ],
    "badge_types": [
      "IN_STORE_FROM_DATE_TODAY"
    ],
    "main_image": "https://imgproxy-retcat.assets.schwarz/zkLT5Qm4fGAvum-nLZ4JY7VtDL-VjToeyoc7FJLJ3z4/sm:1/w:427/h:320/cz/M6Ly9wcm9kLWNhd/GFsb2ctbWVkaWEvc2kvMS8xQjJDOEY0QjY0MkEzQ0Q4NTY3MzU1RDQ/xNzM1N0E3QUM1MzFDMDY1MDkzRDhFRjZERjFENjM0RkY5RjRBRTMwLmpwZw.jpg",
    "image_list": [
      "https://imgproxy-retcat.assets.schwarz/zkLT5Qm4fGAvum-nLZ4JY7VtDL-VjToeyoc7FJLJ3z4/sm:1/w:427/h:320/cz/M6Ly9wcm9kLWNhd/GFsb2ctbWVkaWEvc2kvMS8xQjJDOEY0QjY0MkEzQ0Q4NTY3MzU1RDQ/xNzM1N0E3QUM1MzFDMDY1MDkzRDhFRjZERjFENjM0RkY5RjRBRTMwLmpwZw.jpg"
    ],
    "image_accessibility": "Pakirana suha klobasa v prozorni embalaži.",
    "detailed_images": [
      {
        "url": "https://imgproxy-retcat.assets.schwarz/zkLT5Qm4fGAvum-nLZ4JY7VtDL-VjToeyoc7FJLJ3z4/sm:1/w:427/h:320/cz/M6Ly9wcm9kLWNhd/GFsb2ctbWVkaWEvc2kvMS8xQjJDOEY0QjY0MkEzQ0Q4NTY3MzU1RDQ/xNzM1N0E3QUM1MzFDMDY1MDkzRDhFRjZERjFENjM0RkY5RjRBRTMwLmpwZw.jpg",
        "accessibility": "Pakirana suha klobasa v prozorni embalaži."
      }
    ],
    "analytics_category": "Food",
    "more_details": "Dodatne podrobnosti o izdelku",
    "won_category_primary": "Svetovi potreb/Hrana in bližnja hrana/Klobase in meso",
    "won_category_primary_path": "0/17/1717",
    "canonical_path": "/p/sol-mar-suha-klobasa-longaniza-de-payes/p10082321",
    "canonical_url": "/p/sol-mar-suha-klobasa-longaniza-de-payes/p10082321",
    "awards": [],
    "seals": [],
    "ribbons": [],
    "highlighted_seals": 0,
    "lidl_plus": [],
    "regions": [],
    "ians": [
      "5701940"
    ],
    "show_brand": true,
    "deal_of_day_active": false,
    "full_title_meta": "SOL&MAR Suha klobasa „Longaniza de Payés“",
    "lists": [
      4986
    ],
    "preview": false,
    "category_breadcrumbs": [
      {
        "id": "10068374",
        "name": "Hrana in pijača",
        "url": "/c/hrana-in-pijaca/s10068374",
        "hidden": false
      },
      {
        "id": "10071016",
        "name": "Meso in mesni izdelki",
        "url": "/h/meso-in-mesni-izdelki/h10071016",
        "hidden": false
      }
    ],
    "campaigns": [
      {
        "id": "Current_Sales_Week",
        "name": "Ta teden",
        "url": null,
        "hidden": false
      },
      {
        "id": "10074825",
        "name": "Navdih iberksega polotoka",
        "url": "/c/navdih-iberksega-polotoka/a10074825",
        "hidden": false
      }
    ],
    "world_of_needs_code": "1717",
    "world_of_needs_name": "Klobase in meso",
    "world_of_needs_parent": "17",
    "is_main_category": true,
    "super_categories": [
      {
        "code": "17",
        "name": "Hrana in bližnja hrana",
        "parent": "0"
      },
      {
        "code": "0",
        "name": "Svetovi potreb",
        "parent": ""
      }
    ],
    "position": 369,
    "tracking_payload": {
      "searchTrackingMasterId": "Product.10082321",
      "searchTrackingTitle": "Suha+klobasa+%E2%80%9ELonganiza+de+Pay%C3%A9s%E2%80%9C",
      "searchTrackingPageSize": 100,
      "searchTrackingPage": 4,
      "searchTrackingEvent": "click",
      "list": "search",
      "searchTrackingId": "Product.10082321",
      "searchTrackingOrigPos": 1,
      "searchTrackingPos": 369,
      "searchTrackingOrigPageSize": 100,
      "searchTrackingChannel": "SI",
      "category": "Food"
    }
  },
  {
    "code": "10082323",
    "name": "Svetlo pivo",
    "url": "",
    "result_class": "product",
    "type": "product",
    "product_id": 10082323,
    "erp_number": "10082323",
    "item_id": 10082323,
    "full_title": "SUPER BOCK Svetlo pivo",
    "title": "Svetlo pivo",
    "category": "Food",
    "product_type": "RETAIL",
    "age_restriction": false,
    "is_used_product": false,
    "multipack": false,
    "online": false,
    "store": true,
    "quick_add_to_cart": false,
    "flash_sales": false,
    "having_videos": false,
    "having_threesixty": false,
    "price": 5.49,
    "old_price": 0.0,
    "currency_code": "EUR",
    "currency_symbol": "€",
    "has_star": true,
    "has_vat": false,
    "price_theme": "white_red",
    "variants_have_different_prices": false,
    "base_price_text": "1 l = 2.77",
    "base_price_prefix": false,
    "packaging_text": "6 x 0,33 l",
    "discount_deleted_price": null,
    "discount_text": null,
    "discount_percentage": null,
    "discount_has_star": null,
    "show_discount": null,
    "show_percentage": null,
    "from_recommended_price": null,
    "availability_indicator": 0,
    "online_available": false,
    "min_orderable_quantity": 1,
    "orderable_quantities": [],
    "badge_texts": [
      "V trgovini od 07.07."
    ],
    "badge_types": [
      "IN_STORE_FROM_DATE_TODAY"
    ],
    "main_image": "https://imgproxy-retcat.assets.schwarz/tQHes8qbla8gVQOrfJ3tcNgFHfzteTnf-Sc2LgJsHNM/sm:1/w:427/h:320/cz/M6Ly9wcm9kLWNhd/GFsb2ctbWVkaWEvc2kvMS9CNDgyMjdDMkRGNTdEQTI3NDMxNTlCODE/1MTZDODBCNjZBQkE5NDc1QTI5MzQ4REFGNzA1NTMxNUY1MkM0RjI4LmpwZw.jpg",
    "image_list": [
      "https://imgproxy-retcat.assets.schwarz/tQHes8qbla8gVQOrfJ3tcNgFHfzteTnf-Sc2LgJsHNM/sm:1/w:427/h:320/cz/M6Ly9wcm9kLWNhd/GFsb2ctbWVkaWEvc2kvMS9CNDgyMjdDMkRGNTdEQTI3NDMxNTlCODE/1MTZDODBCNjZBQkE5NDc1QTI5MzQ4REFGNzA1NTMxNUY1MkM0RjI4LmpwZw.jpg"
    ],
    "image_accessibility": "Štiri steklenice piva Super Bock v škatli.",
    "detailed_images": [
      {
        "url": "https://imgproxy-retcat.assets.schwarz/tQHes8qbla8gVQOrfJ3tcNgFHfzteTnf-Sc2LgJsHNM/sm:1/w:427/h:320/cz/M6Ly9wcm9kLWNhd/GFsb2ctbWVkaWEvc2kvMS9CNDgyMjdDMkRGNTdEQTI3NDMxNTlCODE/1MTZDODBCNjZBQkE5NDc1QTI5MzQ4REFGNzA1NTMxNUY1MkM0RjI4LmpwZw.jpg",
        "accessibility": "Štiri steklenice piva Super Bock v škatli."
      }
    ],
    "analytics_category": "Food",
    "more_details": "Dodatne podrobnosti o izdelku",
    "won_category_primary": "Svetovi potreb/Vino in žgane pijače/Pivo",
    "won_category_primary_path": "0/10/1014",
    "canonical_path": "/p/super-bock-svetlo-pivo/p10082323",
    "canonical_url": "/p/super-bock-svetlo-pivo/p10082323",
    "awards": [],
    "seals": [],
    "ribbons": [],
    "highlighted_seals": 0,
    "lidl_plus": [],
    "regions": [],
    "ians": [
      "5900003"
    ],
    "show_brand": true,
    "deal_of_day_active": false,
    "full_title_meta": "SUPER BOCK Svetlo pivo",
    "lists": [
      4986
    ],
    "preview": false,
    "category_breadcrumbs": [
      {
        "id": "10068374",
        "name": "Hrana in pijača",
        "url": "/c/hrana-in-pijaca/s10068374",
        "hidden": false
      },
      {
        "id": "10071687",
        "name": "Vina in žgane pijače",
        "url": "/h/vina-in-zgane-pijace/h10071687",
        "hidden": false
      }
    ],
    "campaigns": [
      {
        "id": "Current_Sales_Week",
        "name": "Ta teden",
        "url": null,
        "hidden": false
      },
      {
        "id": "10074825",
        "name": "Navdih iberksega polotoka",
        "url": "/c/navdih-iberksega-polotoka/a10074825",
        "hidden": false
      }
    ],
    "world_of_needs_code": "1014",
    "world_of_needs_name": "Pivo",
    "world_of_needs_parent": "10",
    "is_main_category": true,
    "super_categories": [
      {
        "code": "10",
        "name": "Vino in žgane pijače",
        "parent": "0"
      },
      {
        "code": "0",
        "name": "Svetovi potreb",
        "parent": ""
      }
    ],
    "position": 370,
    "tracking_payload": {
      "searchTrackingMasterId": "Product.10082323",
      "searchTrackingTitle": "Svetlo+pivo",
      "searchTrackingPageSize": 100,
      "searchTrackingPage": 4,
      "searchTrackingEvent": "click",
      "list": "search",
      "searchTrackingId": "Product.10082323",
      "searchTrackingOrigPos": 1,
      "searchTrackingPos": 370,
      "searchTrackingOrigPageSize": 100,
      "searchTrackingChannel": "SI",
      "category": "Food"
    }
  },
  {
    "code": "10082325",
    "name": "Klobasa za žar „Chorizo“",
    "url": "",
    "result_class": "product",
    "type": "product",
    "product_id": 10082325,
    "erp_number": "10082325",
    "item_id": 10082325,
    "full_title": "SOL&MAR Klobasa za žar „Chorizo“",
    "title": "Klobasa za žar „Chorizo“",
    "category": "Food",
    "product_type": "RETAIL",
    "age_restriction": false,
    "is_used_product": false,
    "multipack": false,
    "online": false,
    "store": true,
    "quick_add_to_cart": false,
    "flash_sales": false,
    "having_videos": false,
    "having_threesixty": false,
    "price": 2.99,
    "old_price": 0.0,
    "currency_code": "EUR",
    "currency_symbol": "€",
    "has_star": true,
    "has_vat": false,
    "price_theme": "white_red",
    "variants_have_different_prices": false,
    "base_price_text": "1 kg = 9.97",
    "base_price_prefix": false,
    "packaging_text": "300 g",
    "discount_deleted_price": null,
    "discount_text": null,
    "discount_percentage": null,
    "discount_has_star": null,
    "show_discount": null,
    "show_percentage": null,
    "from_recommended_price": null,
    "availability_indicator": 0,
    "online_available": false,
    "min_orderable_quantity": 1,
    "orderable_quantities": [],
    "badge_texts": [
      "V trgovini od 07.07."
    ],
    "badge_types": [
      "IN_STORE_FROM_DATE_TODAY"
    ],
    "main_image": "https://imgproxy-retcat.assets.schwarz/HMY9KJV4YniDjvGLUF13bnh15UvwF_UjwD0uvX0lo4E/sm:1/w:427/h:320/cz/M6Ly9wcm9kLWNhd/GFsb2ctbWVkaWEvc2kvMS81NEFFOEEwNkY2QzBCNUE4RkVDOTMwMDk/0QTQyNkJDMTczRUI1QzI3MzMwM0VFODcxM0IwQzhDRjIyMTVGRDA0LmpwZw.jpg",
    "image_list": [
      "https://imgproxy-retcat.assets.schwarz/HMY9KJV4YniDjvGLUF13bnh15UvwF_UjwD0uvX0lo4E/sm:1/w:427/h:320/cz/M6Ly9wcm9kLWNhd/GFsb2ctbWVkaWEvc2kvMS81NEFFOEEwNkY2QzBCNUE4RkVDOTMwMDk/0QTQyNkJDMTczRUI1QzI3MzMwM0VFODcxM0IwQzhDRjIyMTVGRDA0LmpwZw.jpg"
    ],
    "image_accessibility": "Juh Mo chorizo klobase za žar, pripravljene za pečenje.",
    "detailed_images": [
      {
        "url": "https://imgproxy-retcat.assets.schwarz/HMY9KJV4YniDjvGLUF13bnh15UvwF_UjwD0uvX0lo4E/sm:1/w:427/h:320/cz/M6Ly9wcm9kLWNhd/GFsb2ctbWVkaWEvc2kvMS81NEFFOEEwNkY2QzBCNUE4RkVDOTMwMDk/0QTQyNkJDMTczRUI1QzI3MzMwM0VFODcxM0IwQzhDRjIyMTVGRDA0LmpwZw.jpg",
        "accessibility": "Juh Mo chorizo klobase za žar, pripravljene za pečenje."
      }
    ],
    "analytics_category": "Food",
    "more_details": "Dodatne podrobnosti o izdelku",
    "won_category_primary": "Svetovi potreb/Hrana in bližnja hrana/Klobase in meso",
    "won_category_primary_path": "0/17/1717",
    "canonical_path": "/p/sol-mar-klobasa-za-zar-chorizo/p10082325",
    "canonical_url": "/p/sol-mar-klobasa-za-zar-chorizo/p10082325",
    "awards": [],
    "seals": [
      {
        "altText": "Nalepka: Hlajeno",
        "image": "https://imgproxy-retcat.assets.schwarz/7x3Iby7aD19hFySDnP2YoXt7E1r0JrvJVj0QO1gUOes/sm:1/w:140/cz/M6Ly9wcm9kLWNhd/GFsb2ctbWVkaWEvc2kvMi8xMzFBN0E2RDlCREZGREQxOEE2OTFDNEZ/FNDE5RTM0QUMxQjY4OEQ0OUY2QTAxMTRDRjQ1RjdCNTNDRjM2NUJBLnBuZw.png"
      }
    ],
    "ribbons": [],
    "highlighted_seals": 0,
    "lidl_plus": [],
    "regions": [],
    "ians": [
      "5709696"
    ],
    "show_brand": true,
    "deal_of_day_active": false,
    "full_title_meta": "SOL&MAR Klobasa za žar „Chorizo“",
    "lists": [
      4986
    ],
    "preview": false,
    "category_breadcrumbs": [
      {
        "id": "10068374",
        "name": "Hrana in pijača",
        "url": "/c/hrana-in-pijaca/s10068374",
        "hidden": false
      },
      {
        "id": "10071016",
        "name": "Meso in mesni izdelki",
        "url": "/h/meso-in-mesni-izdelki/h10071016",
        "hidden": false
      }
    ],
    "campaigns": [
      {
        "id": "Current_Sales_Week",
        "name": "Ta teden",
        "url": null,
        "hidden": false
      },
      {
        "id": "10074825",
        "name": "Navdih iberksega polotoka",
        "url": "/c/navdih-iberksega-polotoka/a10074825",
        "hidden": false
      }
    ],
    "world_of_needs_code": "1717",
    "world_of_needs_name": "Klobase in meso",
    "world_of_needs_parent": "17",
    "is_main_category": true,
    "super_categories": [
      {
        "code": "17",
        "name": "Hrana in bližnja hrana",
        "parent": "0"
      },
      {
        "code": "0",
        "name": "Svetovi potreb",
        "parent": ""
      }
    ],
    "position": 371,
    "tracking_payload": {
      "searchTrackingMasterId": "Product.10082325",
      "searchTrackingTitle": "Klobasa+za+%C5%BEar+%E2%80%9EChorizo%E2%80%9C",
      "searchTrackingPageSize": 100,
      "searchTrackingPage": 4,
      "searchTrackingEvent": "click",
      "list": "search",
      "searchTrackingId": "Product.10082325",
      "searchTrackingOrigPos": 1,
      "searchTrackingPos": 371,
      "searchTrackingOrigPageSize": 100,
      "searchTrackingChannel": "SI",
      "category": "Food"
    }
  },
  {
    "code": "10082327",
    "name": "Olive z dodatki",
    "url": "",
    "result_class": "product",
    "type": "product",
    "product_id": 10082327,
    "erp_number": "10082327",
    "item_id": 10082327,
    "full_title": "SOL&MAR Olive z dodatki",
    "title": "Olive z dodatki",
    "category": "Food",
    "product_type": "RETAIL",
    "age_restriction": false,
    "is_used_product": false,
    "multipack": false,
    "online": false,
    "store": true,
    "quick_add_to_cart": false,
    "flash_sales": false,
    "having_videos": false,
    "having_threesixty": false,
    "price": 1.99,
    "old_price": 0.0,
    "currency_code": "EUR",
    "currency_symbol": "€",
    "has_star": true,
    "has_vat": false,
    "price_theme": "white_red",
    "variants_have_different_prices": false,
    "base_price_text": "1 kg = 13.27",
    "base_price_prefix": false,
    "packaging_text": "150 g",
    "discount_deleted_price": null,
    "discount_text": null,
    "discount_percentage": null,
    "discount_has_star": null,
    "show_discount": null,
    "show_percentage": null,
    "from_recommended_price": null,
    "availability_indicator": 0,
    "online_available": false,
    "min_orderable_quantity": 1,
    "orderable_quantities": [],
    "badge_texts": [
      "V trgovini od 07.07."
    ],
    "badge_types": [
      "IN_STORE_FROM_DATE_TODAY"
    ],
    "main_image": "https://imgproxy-retcat.assets.schwarz/4fUKFhErUe2fWqsaTAhKN-Zbjv4a3w3LsK9VxSoVSIw/sm:1/w:427/h:320/cz/M6Ly9wcm9kLWNhd/GFsb2ctbWVkaWEvc2kvMS9BN0UwMTU2QjM5N0RBMjE4RkY5MzQ2NkQ/xQkMwQjUxQjFBNENBOEIxMkEzQjA3MENDOUNGOUYxM0JDOUZEN0M4LmpwZw.jpg",
    "image_list": [
      "https://imgproxy-retcat.assets.schwarz/4fUKFhErUe2fWqsaTAhKN-Zbjv4a3w3LsK9VxSoVSIw/sm:1/w:427/h:320/cz/M6Ly9wcm9kLWNhd/GFsb2ctbWVkaWEvc2kvMS9BN0UwMTU2QjM5N0RBMjE4RkY5MzQ2NkQ/xQkMwQjUxQjFBNENBOEIxMkEzQjA3MENDOUNGOUYxM0JDOUZEN0M4LmpwZw.jpg",
      "https://imgproxy-retcat.assets.schwarz/gl6C8JGlPA7tPatTx2YRh3oMTMKwQNrKBNGJll4FHDo/sm:1/w:427/h:320/cz/M6Ly9wcm9kLWNhd/GFsb2ctbWVkaWEvc2kvMS9FMDBFNTBEQUQwOTUxMEI0NTE4QzhGRUN/GNTIxMjcxQzVBNzI3NzY4OTM4OUZCNzc0MEEyNzY3RUYwMjRCMDdDLmpwZw.jpg",
      "https://imgproxy-retcat.assets.schwarz/SBsUz57RoJgBr1mOsGMnTGB6v-FAKU6KUiLYmB54dYw/sm:1/w:427/h:320/cz/M6Ly9wcm9kLWNhd/GFsb2ctbWVkaWEvc2kvMS9CQ0MyRDdBQTBGNDNFREIzMzAyODFCODY/zM0U0QTY5RjNFQjJBRjkwQjc4RjBEMTIyQzMzMTRBRDY3QzBGRUI3LmpwZw.jpg"
    ],
    "image_accessibility": "Tri posode s tremi različnimi vrstami oljk.",
    "detailed_images": [
      {
        "url": "https://imgproxy-retcat.assets.schwarz/4fUKFhErUe2fWqsaTAhKN-Zbjv4a3w3LsK9VxSoVSIw/sm:1/w:427/h:320/cz/M6Ly9wcm9kLWNhd/GFsb2ctbWVkaWEvc2kvMS9BN0UwMTU2QjM5N0RBMjE4RkY5MzQ2NkQ/xQkMwQjUxQjFBNENBOEIxMkEzQjA3MENDOUNGOUYxM0JDOUZEN0M4LmpwZw.jpg",
        "accessibility": "Tri posode s tremi različnimi vrstami oljk."
      },
      {
        "url": "https://imgproxy-retcat.assets.schwarz/gl6C8JGlPA7tPatTx2YRh3oMTMKwQNrKBNGJll4FHDo/sm:1/w:427/h:320/cz/M6Ly9wcm9kLWNhd/GFsb2ctbWVkaWEvc2kvMS9FMDBFNTBEQUQwOTUxMEI0NTE4QzhGRUN/GNTIxMjcxQzVBNzI3NzY4OTM4OUZCNzc0MEEyNzY3RUYwMjRCMDdDLmpwZw.jpg",
        "accessibility": "Posoda s pikantnimi zelenimi olivami, šunko in papriko."
      },
      {
        "url": "https://imgproxy-retcat.assets.schwarz/SBsUz57RoJgBr1mOsGMnTGB6v-FAKU6KUiLYmB54dYw/sm:1/w:427/h:320/cz/M6Ly9wcm9kLWNhd/GFsb2ctbWVkaWEvc2kvMS9CQ0MyRDdBQTBGNDNFREIzMzAyODFCODY/zM0U0QTY5RjNFQjJBRjkwQjc4RjBEMTIyQzMzMTRBRDY3QzBGRUI3LmpwZw.jpg",
        "accessibility": "Posoda zelenih oljk z zelišči."
      }
    ],
    "analytics_category": "Food",
    "more_details": "Dodatne podrobnosti o izdelku",
    "won_category_primary": "Svetovi potreb/Hrana in bližnja hrana/Maščobe, olja, kis in konzerve",
    "won_category_primary_path": "0/17/1735",
    "canonical_path": "/p/sol-mar-olive-z-dodatki/p10082327",
    "canonical_url": "/p/sol-mar-olive-z-dodatki/p10082327",
    "awards": [],
    "seals": [
      {
        "altText": "Nalepka: Hlajeno",
        "image": "https://imgproxy-retcat.assets.schwarz/7x3Iby7aD19hFySDnP2YoXt7E1r0JrvJVj0QO1gUOes/sm:1/w:140/cz/M6Ly9wcm9kLWNhd/GFsb2ctbWVkaWEvc2kvMi8xMzFBN0E2RDlCREZGREQxOEE2OTFDNEZ/FNDE5RTM0QUMxQjY4OEQ0OUY2QTAxMTRDRjQ1RjdCNTNDRjM2NUJBLnBuZw.png"
      }
    ],
    "ribbons": [],
    "highlighted_seals": 0,
    "lidl_plus": [],
    "regions": [],
    "ians": [
      "170549"
    ],
    "show_brand": true,
    "deal_of_day_active": false,
    "full_title_meta": "SOL&MAR Olive z dodatki",
    "lists": [
      4986
    ],
    "preview": false,
    "category_breadcrumbs": [
      {
        "id": "10068374",
        "name": "Hrana in pijača",
        "url": "/c/hrana-in-pijaca/s10068374",
        "hidden": false
      },
      {
        "id": "10071681",
        "name": "Maščobe, olja, kis in konzerve",
        "url": "/h/mascobe-olja-kis-in-konzerve/h10071681",
        "hidden": false
      }
    ],
    "campaigns": [
      {
        "id": "Current_Sales_Week",
        "name": "Ta teden",
        "url": null,
        "hidden": false
      },
      {
        "id": "10074825",
        "name": "Navdih iberksega polotoka",
        "url": "/c/navdih-iberksega-polotoka/a10074825",
        "hidden": false
      }
    ],
    "world_of_needs_code": "1735",
    "world_of_needs_name": "Maščobe, olja, kis in konzerve",
    "world_of_needs_parent": "17",
    "is_main_category": true,
    "super_categories": [
      {
        "code": "17",
        "name": "Hrana in bližnja hrana",
        "parent": "0"
      },
      {
        "code": "0",
        "name": "Svetovi potreb",
        "parent": ""
      }
    ],
    "position": 372,
    "tracking_payload": {
      "searchTrackingMasterId": "Product.10082327",
      "searchTrackingTitle": "Olive+z+dodatki",
      "searchTrackingPageSize": 100,
      "searchTrackingPage": 4,
      "searchTrackingEvent": "click",
      "list": "search",
      "searchTrackingId": "Product.10082327",
      "searchTrackingOrigPos": 1,
      "searchTrackingPos": 372,
      "searchTrackingOrigPageSize": 100,
      "searchTrackingChannel": "SI",
      "category": "Food"
    }
  },
  {
    "code": "10082329",
    "name": "Svetlo pivo",
    "url": "",
    "result_class": "product",
    "type": "product",
    "product_id": 10082329,
    "erp_number": "10082329",
    "item_id": 10082329,
    "full_title": "SAN MIGUEL Svetlo pivo",
    "title": "Svetlo pivo",
    "category": "Food",
    "product_type": "RETAIL",
    "age_restriction": false,
    "is_used_product": false,
    "multipack": false,
    "online": false,
    "store": true,
    "quick_add_to_cart": false,
    "flash_sales": false,
    "having_videos": false,
    "having_threesixty": false,
    "price": 1.29,
    "old_price": 0.0,
    "currency_code": "EUR",
    "currency_symbol": "€",
    "has_star": true,
    "has_vat": false,
    "price_theme": "white_red",
    "variants_have_different_prices": false,
    "base_price_text": "1 l = 2.58",
    "base_price_prefix": false,
    "packaging_text": "0,5 l",
    "discount_deleted_price": null,
    "discount_text": null,
    "discount_percentage": null,
    "discount_has_star": null,
    "show_discount": null,
    "show_percentage": null,
    "from_recommended_price": null,
    "availability_indicator": 0,
    "online_available": false,
    "min_orderable_quantity": 1,
    "orderable_quantities": [],
    "badge_texts": [
      "V trgovini od 07.07."
    ],
    "badge_types": [
      "IN_STORE_FROM_DATE_TODAY"
    ],
    "main_image": "https://imgproxy-retcat.assets.schwarz/I4Am8Yf5XTLV6-Qv1mrB7r74xB8lT0Uazqdec5rD25U/sm:1/w:427/h:320/cz/M6Ly9wcm9kLWNhd/GFsb2ctbWVkaWEvc2kvMS8yMzZGRjM4NjlBQzE3NzA3QzU4NTYzODA/4MzJBQUFEQTc3QjgyQTgzMzA2QzBFOEMyQTIwNTRFQTk5ODlBQkZCLmpwZw.jpg",
    "image_list": [
      "https://imgproxy-retcat.assets.schwarz/I4Am8Yf5XTLV6-Qv1mrB7r74xB8lT0Uazqdec5rD25U/sm:1/w:427/h:320/cz/M6Ly9wcm9kLWNhd/GFsb2ctbWVkaWEvc2kvMS8yMzZGRjM4NjlBQzE3NzA3QzU4NTYzODA/4MzJBQUFEQTc3QjgyQTgzMzA2QzBFOEMyQTIwNTRFQTk5ODlBQkZCLmpwZw.jpg"
    ],
    "image_accessibility": "Pivo San Miguel v pločevinki.",
    "detailed_images": [
      {
        "url": "https://imgproxy-retcat.assets.schwarz/I4Am8Yf5XTLV6-Qv1mrB7r74xB8lT0Uazqdec5rD25U/sm:1/w:427/h:320/cz/M6Ly9wcm9kLWNhd/GFsb2ctbWVkaWEvc2kvMS8yMzZGRjM4NjlBQzE3NzA3QzU4NTYzODA/4MzJBQUFEQTc3QjgyQTgzMzA2QzBFOEMyQTIwNTRFQTk5ODlBQkZCLmpwZw.jpg",
        "accessibility": "Pivo San Miguel v pločevinki."
      }
    ],
    "analytics_category": "Food",
    "more_details": "Dodatne podrobnosti o izdelku",
    "won_category_primary": "Svetovi potreb/Vino in žgane pijače/Pivo",
    "won_category_primary_path": "0/10/1014",
    "canonical_path": "/p/san-miguel-svetlo-pivo/p10082329",
    "canonical_url": "/p/san-miguel-svetlo-pivo/p10082329",
    "awards": [],
    "seals": [],
    "ribbons": [],
    "highlighted_seals": 0,
    "lidl_plus": [],
    "regions": [],
    "ians": [
      "5714917"
    ],
    "show_brand": true,
    "deal_of_day_active": false,
    "full_title_meta": "SAN MIGUEL Svetlo pivo",
    "lists": [
      4986
    ],
    "preview": false,
    "category_breadcrumbs": [
      {
        "id": "10068374",
        "name": "Hrana in pijača",
        "url": "/c/hrana-in-pijaca/s10068374",
        "hidden": false
      },
      {
        "id": "10071687",
        "name": "Vina in žgane pijače",
        "url": "/h/vina-in-zgane-pijace/h10071687",
        "hidden": false
      }
    ],
    "campaigns": [
      {
        "id": "Current_Sales_Week",
        "name": "Ta teden",
        "url": null,
        "hidden": false
      },
      {
        "id": "10074825",
        "name": "Navdih iberksega polotoka",
        "url": "/c/navdih-iberksega-polotoka/a10074825",
        "hidden": false
      }
    ],
    "world_of_needs_code": "1014",
    "world_of_needs_name": "Pivo",
    "world_of_needs_parent": "10",
    "is_main_category": true,
    "super_categories": [
      {
        "code": "10",
        "name": "Vino in žgane pijače",
        "parent": "0"
      },
      {
        "code": "0",
        "name": "Svetovi potreb",
        "parent": ""
      }
    ],
    "position": 373,
    "tracking_payload": {
      "searchTrackingMasterId": "Product.10082329",
      "searchTrackingTitle": "Svetlo+pivo",
      "searchTrackingPageSize": 100,
      "searchTrackingPage": 4,
      "searchTrackingEvent": "click",
      "list": "search",
      "searchTrackingId": "Product.10082329",
      "searchTrackingOrigPos": 1,
      "searchTrackingPos": 373,
      "searchTrackingOrigPageSize": 100,
      "searchTrackingChannel": "SI",
      "category": "Food"
    }
  },
  {
    "code": "10082331",
    "name": "Klobasa „Chorizo extra Sarta“",
    "url": "",
    "result_class": "product",
    "type": "product",
    "product_id": 10082331,
    "erp_number": "10082331",
    "item_id": 10082331,
    "full_title": "SOL&MAR Klobasa „Chorizo extra Sarta“",
    "title": "Klobasa „Chorizo extra Sarta“",
    "category": "Food",
    "product_type": "RETAIL",
    "age_restriction": false,
    "is_used_product": false,
    "multipack": false,
    "online": false,
    "store": true,
    "quick_add_to_cart": false,
    "flash_sales": false,
    "having_videos": false,
    "having_threesixty": false,
    "price": 2.29,
    "old_price": 0.0,
    "currency_code": "EUR",
    "currency_symbol": "€",
    "has_star": true,
    "has_vat": false,
    "price_theme": "white_red",
    "variants_have_different_prices": false,
    "base_price_text": "1 kg = 11.45",
    "base_price_prefix": false,
    "packaging_text": "200 g",
    "discount_deleted_price": null,
    "discount_text": null,
    "discount_percentage": null,
    "discount_has_star": null,
    "show_discount": null,
    "show_percentage": null,
    "from_recommended_price": null,
    "availability_indicator": 0,
    "online_available": false,
    "min_orderable_quantity": 1,
    "orderable_quantities": [],
    "badge_texts": [
      "V trgovini od 07.07."
    ],
    "badge_types": [
      "IN_STORE_FROM_DATE_TODAY"
    ],
    "main_image": "https://imgproxy-retcat.assets.schwarz/6qyXBKKqr1Se7JBLjvwc_6thQzj3cJmJr3b9Th-HpAc/sm:1/w:427/h:320/cz/M6Ly9wcm9kLWNhd/GFsb2ctbWVkaWEvc2kvMS85NjFFRjI5MEFBMjkzNDU4N0Q1MzRGRkZ/BNUYwNjBFQzE1NTVGOUVERjY1NDcyREVCRUUyRTBGMzgyMkY1QzgzLmpwZw.jpg",
    "image_list": [
      "https://imgproxy-retcat.assets.schwarz/6qyXBKKqr1Se7JBLjvwc_6thQzj3cJmJr3b9Th-HpAc/sm:1/w:427/h:320/cz/M6Ly9wcm9kLWNhd/GFsb2ctbWVkaWEvc2kvMS85NjFFRjI5MEFBMjkzNDU4N0Q1MzRGRkZ/BNUYwNjBFQzE1NTVGOUVERjY1NDcyREVCRUUyRTBGMzgyMkY1QzgzLmpwZw.jpg",
      "https://imgproxy-retcat.assets.schwarz/MHeKQLpuOoEPHR8FzjkmCspq_lvC_gOPB4Btcklz6zc/sm:1/w:427/h:320/cz/M6Ly9wcm9kLWNhd/GFsb2ctbWVkaWEvc2kvMS8wNDE3OERDNEM4MTUxMDc3RUIwMzI0Q0I/yMzYzMzNGNUNBNjhEM0FFRkJGQzI0MDgyQ0NDQzZDOTdGMzI5ODFBLmpwZw.jpg",
      "https://imgproxy-retcat.assets.schwarz/hOUWEURl7CwQI6v3-ROvEjr4Wl8rvumY8iAi8K3Z7eg/sm:1/w:427/h:320/cz/M6Ly9wcm9kLWNhd/GFsb2ctbWVkaWEvc2kvMS81REFDNkJDMzE0ODgzNTYzMDhGNDRCOTM/5RjdFNjVEM0JEMTk1NDhDRTg4Njg2ODU0MDA3Mjg5RjIwRTM0MjNGLmpwZw.jpg"
    ],
    "image_accessibility": "Dve vrsti klobas Majer v embalaži.",
    "detailed_images": [
      {
        "url": "https://imgproxy-retcat.assets.schwarz/6qyXBKKqr1Se7JBLjvwc_6thQzj3cJmJr3b9Th-HpAc/sm:1/w:427/h:320/cz/M6Ly9wcm9kLWNhd/GFsb2ctbWVkaWEvc2kvMS85NjFFRjI5MEFBMjkzNDU4N0Q1MzRGRkZ/BNUYwNjBFQzE1NTVGOUVERjY1NDcyREVCRUUyRTBGMzgyMkY1QzgzLmpwZw.jpg",
        "accessibility": "Dve vrsti klobas Majer v embalaži."
      },
      {
        "url": "https://imgproxy-retcat.assets.schwarz/MHeKQLpuOoEPHR8FzjkmCspq_lvC_gOPB4Btcklz6zc/sm:1/w:427/h:320/cz/M6Ly9wcm9kLWNhd/GFsb2ctbWVkaWEvc2kvMS8wNDE3OERDNEM4MTUxMDc3RUIwMzI0Q0I/yMzYzMzNGNUNBNjhEM0FFRkJGQzI0MDgyQ0NDQzZDOTdGMzI5ODFBLmpwZw.jpg",
        "accessibility": "Pakiranje dveh klobas Walcor, pripravljenih za peko."
      },
      {
        "url": "https://imgproxy-retcat.assets.schwarz/hOUWEURl7CwQI6v3-ROvEjr4Wl8rvumY8iAi8K3Z7eg/sm:1/w:427/h:320/cz/M6Ly9wcm9kLWNhd/GFsb2ctbWVkaWEvc2kvMS81REFDNkJDMzE0ODgzNTYzMDhGNDRCOTM/5RjdFNjVEM0JEMTk1NDhDRTg4Njg2ODU0MDA3Mjg5RjIwRTM0MjNGLmpwZw.jpg",
        "accessibility": "Pakiranje dveh klobas, verjetno suhih, z vidno oznako."
      }
    ],
    "analytics_category": "Food",
    "more_details": "Dodatne podrobnosti o izdelku",
    "won_category_primary": "Svetovi potreb/Hrana in bližnja hrana/Klobase in meso",
    "won_category_primary_path": "0/17/1717",
    "canonical_path": "/p/sol-mar-klobasa-chorizo-extra-sarta/p10082331",
    "canonical_url": "/p/sol-mar-klobasa-chorizo-extra-sarta/p10082331",
    "awards": [],
    "seals": [
      {
        "altText": "Nalepka: Hlajeno",
        "image": "https://imgproxy-retcat.assets.schwarz/7x3Iby7aD19hFySDnP2YoXt7E1r0JrvJVj0QO1gUOes/sm:1/w:140/cz/M6Ly9wcm9kLWNhd/GFsb2ctbWVkaWEvc2kvMi8xMzFBN0E2RDlCREZGREQxOEE2OTFDNEZ/FNDE5RTM0QUMxQjY4OEQ0OUY2QTAxMTRDRjQ1RjdCNTNDRjM2NUJBLnBuZw.png"
      }
    ],
    "ribbons": [],
    "highlighted_seals": 0,
    "lidl_plus": [],
    "regions": [],
    "ians": [
      "5705302"
    ],
    "show_brand": true,
    "deal_of_day_active": false,
    "full_title_meta": "SOL&MAR Klobasa „Chorizo extra Sarta“",
    "lists": [
      4986
    ],
    "preview": false,
    "category_breadcrumbs": [
      {
        "id": "10068374",
        "name": "Hrana in pijača",
        "url": "/c/hrana-in-pijaca/s10068374",
        "hidden": false
      },
      {
        "id": "10071016",
        "name": "Meso in mesni izdelki",
        "url": "/h/meso-in-mesni-izdelki/h10071016",
        "hidden": false
      }
    ],
    "campaigns": [
      {
        "id": "Current_Sales_Week",
        "name": "Ta teden",
        "url": null,
        "hidden": false
      },
      {
        "id": "10074825",
        "name": "Navdih iberksega polotoka",
        "url": "/c/navdih-iberksega-polotoka/a10074825",
        "hidden": false
      }
    ],
    "world_of_needs_code": "1717",
    "world_of_needs_name": "Klobase in meso",
    "world_of_needs_parent": "17",
    "is_main_category": true,
    "super_categories": [
      {
        "code": "17",
        "name": "Hrana in bližnja hrana",
        "parent": "0"
      },
      {
        "code": "0",
        "name": "Svetovi potreb",
        "parent": ""
      }
    ],
    "position": 374,
    "tracking_payload": {
      "searchTrackingMasterId": "Product.10082331",
      "searchTrackingTitle": "Klobasa+%E2%80%9EChorizo+extra+Sarta%E2%80%9C",
      "searchTrackingPageSize": 100,
      "searchTrackingPage": 4,
      "searchTrackingEvent": "click",
      "list": "search",
      "searchTrackingId": "Product.10082331",
      "searchTrackingOrigPos": 1,
      "searchTrackingPos": 374,
      "searchTrackingOrigPageSize": 100,
      "searchTrackingChannel": "SI",
      "category": "Food"
    }
  },
  {
    "code": "10082333",
    "name": "„Chorizo“ narezek",
    "url": "",
    "result_class": "product",
    "type": "product",
    "product_id": 10082333,
    "erp_number": "10082333",
    "item_id": 10082333,
    "full_title": "SOL&MAR „Chorizo“ narezek",
    "title": "„Chorizo“ narezek",
    "category": "Food",
    "product_type": "RETAIL",
    "age_restriction": false,
    "is_used_product": false,
    "multipack": false,
    "online": false,
    "store": true,
    "quick_add_to_cart": false,
    "flash_sales": false,
    "having_videos": false,
    "having_threesixty": false,
    "price": 2.49,
    "old_price": 0.0,
    "currency_code": "EUR",
    "currency_symbol": "€",
    "has_star": true,
    "has_vat": false,
    "price_theme": "white_red",
    "variants_have_different_prices": false,
    "base_price_text": "1 kg = 12.45",
    "base_price_prefix": false,
    "packaging_text": "200 g",
    "discount_deleted_price": null,
    "discount_text": null,
    "discount_percentage": null,
    "discount_has_star": null,
    "show_discount": null,
    "show_percentage": null,
    "from_recommended_price": null,
    "availability_indicator": 0,
    "online_available": false,
    "min_orderable_quantity": 1,
    "orderable_quantities": [],
    "badge_texts": [
      "V trgovini od 07.07."
    ],
    "badge_types": [
      "IN_STORE_FROM_DATE_TODAY"
    ],
    "main_image": "https://imgproxy-retcat.assets.schwarz/XhrFpPtwlFHpSSW0IUi2Rd-rOufAE2vaz6QiwwZKGGM/sm:1/w:427/h:320/cz/M6Ly9wcm9kLWNhd/GFsb2ctbWVkaWEvc2kvMS80RkVFMDFGNUNGRjc4MUQyNjA2QjQyREQ/yRkU5QzI0Qzk1RkRFNDA5MjdCQTE5QkFDMjkyRUFEMDQ3REE2MTE5LmpwZw.jpg",
    "image_list": [
      "https://imgproxy-retcat.assets.schwarz/XhrFpPtwlFHpSSW0IUi2Rd-rOufAE2vaz6QiwwZKGGM/sm:1/w:427/h:320/cz/M6Ly9wcm9kLWNhd/GFsb2ctbWVkaWEvc2kvMS80RkVFMDFGNUNGRjc4MUQyNjA2QjQyREQ/yRkU5QzI0Qzk1RkRFNDA5MjdCQTE5QkFDMjkyRUFEMDQ3REE2MTE5LmpwZw.jpg"
    ],
    "image_accessibility": "Pakiranje narezano chorizo klobase znamke MM.",
    "detailed_images": [
      {
        "url": "https://imgproxy-retcat.assets.schwarz/XhrFpPtwlFHpSSW0IUi2Rd-rOufAE2vaz6QiwwZKGGM/sm:1/w:427/h:320/cz/M6Ly9wcm9kLWNhd/GFsb2ctbWVkaWEvc2kvMS80RkVFMDFGNUNGRjc4MUQyNjA2QjQyREQ/yRkU5QzI0Qzk1RkRFNDA5MjdCQTE5QkFDMjkyRUFEMDQ3REE2MTE5LmpwZw.jpg",
        "accessibility": "Pakiranje narezano chorizo klobase znamke MM."
      }
    ],
    "analytics_category": "Food",
    "more_details": "Dodatne podrobnosti o izdelku",
    "won_category_primary": "Svetovi potreb/Hrana in bližnja hrana/Klobase in meso",
    "won_category_primary_path": "0/17/1717",
    "canonical_path": "/p/sol-mar-chorizo-narezek/p10082333",
    "canonical_url": "/p/sol-mar-chorizo-narezek/p10082333",
    "awards": [],
    "seals": [
      {
        "altText": "Nalepka: Hlajeno",
        "image": "https://imgproxy-retcat.assets.schwarz/7x3Iby7aD19hFySDnP2YoXt7E1r0JrvJVj0QO1gUOes/sm:1/w:140/cz/M6Ly9wcm9kLWNhd/GFsb2ctbWVkaWEvc2kvMi8xMzFBN0E2RDlCREZGREQxOEE2OTFDNEZ/FNDE5RTM0QUMxQjY4OEQ0OUY2QTAxMTRDRjQ1RjdCNTNDRjM2NUJBLnBuZw.png"
      }
    ],
    "ribbons": [],
    "highlighted_seals": 0,
    "lidl_plus": [],
    "regions": [],
    "ians": [
      "5700179"
    ],
    "show_brand": true,
    "deal_of_day_active": false,
    "full_title_meta": "SOL&MAR „Chorizo“ narezek",
    "lists": [
      4986
    ],
    "preview": false,
    "category_breadcrumbs": [
      {
        "id": "10068374",
        "name": "Hrana in pijača",
        "url": "/c/hrana-in-pijaca/s10068374",
        "hidden": false
      },
      {
        "id": "10071016",
        "name": "Meso in mesni izdelki",
        "url": "/h/meso-in-mesni-izdelki/h10071016",
        "hidden": false
      }
    ],
    "campaigns": [
      {
        "id": "Current_Sales_Week",
        "name": "Ta teden",
        "url": null,
        "hidden": false
      },
      {
        "id": "10074825",
        "name": "Navdih iberksega polotoka",
        "url": "/c/navdih-iberksega-polotoka/a10074825",
        "hidden": false
      }
    ],
    "world_of_needs_code": "1717",
    "world_of_needs_name": "Klobase in meso",
    "world_of_needs_parent": "17",
    "is_main_category": true,
    "super_categories": [
      {
        "code": "17",
        "name": "Hrana in bližnja hrana",
        "parent": "0"
      },
      {
        "code": "0",
        "name": "Svetovi potreb",
        "parent": ""
      }
    ],
    "position": 375,
    "tracking_payload": {
      "searchTrackingMasterId": "Product.10082333",
      "searchTrackingTitle": "%E2%80%9EChorizo%E2%80%9C+narezek",
      "searchTrackingPageSize": 100,
      "searchTrackingPage": 4,
      "searchTrackingEvent": "click",
      "list": "search",
      "searchTrackingId": "Product.10082333",
      "searchTrackingOrigPos": 1,
      "searchTrackingPos": 375,
      "searchTrackingOrigPageSize": 100,
      "searchTrackingChannel": "SI",
      "category": "Food"
    }
  },
  {
    "code": "10082335",
    "name": "Piščančje perutničke v „Piri-Piri“ marinadi",
    "url": "",
    "result_class": "product",
    "type": "product",
    "product_id": 10082335,
    "erp_number": "10082335",
    "item_id": 10082335,
    "full_title": "SOL&MAR Piščančje perutničke v „Piri-Piri“ marinadi",
    "title": "Piščančje perutničke v „Piri-Piri“ marinadi",
    "category": "Food",
    "product_type": "RETAIL",
    "age_restriction": false,
    "is_used_product": false,
    "multipack": false,
    "online": false,
    "store": true,
    "quick_add_to_cart": false,
    "flash_sales": false,
    "having_videos": false,
    "having_threesixty": false,
    "price": 4.49,
    "old_price": 0.0,
    "currency_code": "EUR",
    "currency_symbol": "€",
    "has_star": true,
    "has_vat": false,
    "price_theme": "white_red",
    "variants_have_different_prices": false,
    "base_price_text": "1 kg = 5.99",
    "base_price_prefix": false,
    "packaging_text": "750 g",
    "discount_deleted_price": null,
    "discount_text": null,
    "discount_percentage": null,
    "discount_has_star": null,
    "show_discount": null,
    "show_percentage": null,
    "from_recommended_price": null,
    "availability_indicator": 0,
    "online_available": false,
    "min_orderable_quantity": 1,
    "orderable_quantities": [],
    "badge_texts": [
      "V trgovini od 07.07."
    ],
    "badge_types": [
      "IN_STORE_FROM_DATE_TODAY"
    ],
    "main_image": "https://imgproxy-retcat.assets.schwarz/7if-kOPHedBI-IR2hvHwy4sNHIlcTHKeNxBOGHVIgM0/sm:1/w:427/h:320/cz/M6Ly9wcm9kLWNhd/GFsb2ctbWVkaWEvc2kvMS9DMjAwMDI3RUE0ODgwN0IxMzY5QjE4Qjg/0RTU0RTZFQjVEREFFQUExNTg4NEI5QTlDMjA4RjRENDNEQjdDRUY3LmpwZw.jpg",
    "image_list": [
      "https://imgproxy-retcat.assets.schwarz/7if-kOPHedBI-IR2hvHwy4sNHIlcTHKeNxBOGHVIgM0/sm:1/w:427/h:320/cz/M6Ly9wcm9kLWNhd/GFsb2ctbWVkaWEvc2kvMS9DMjAwMDI3RUE0ODgwN0IxMzY5QjE4Qjg/0RTU0RTZFQjVEREFFQUExNTg4NEI5QTlDMjA4RjRENDNEQjdDRUY3LmpwZw.jpg"
    ],
    "image_accessibility": "Zamrznjena perutninska krila Sweet Mir, pripravljena za peko.",
    "detailed_images": [
      {
        "url": "https://imgproxy-retcat.assets.schwarz/7if-kOPHedBI-IR2hvHwy4sNHIlcTHKeNxBOGHVIgM0/sm:1/w:427/h:320/cz/M6Ly9wcm9kLWNhd/GFsb2ctbWVkaWEvc2kvMS9DMjAwMDI3RUE0ODgwN0IxMzY5QjE4Qjg/0RTU0RTZFQjVEREFFQUExNTg4NEI5QTlDMjA4RjRENDNEQjdDRUY3LmpwZw.jpg",
        "accessibility": "Zamrznjena perutninska krila Sweet Mir, pripravljena za peko."
      }
    ],
    "analytics_category": "Food",
    "more_details": "Dodatne podrobnosti o izdelku",
    "won_category_primary": "Svetovi potreb/Hrana in bližnja hrana/Klobase in meso",
    "won_category_primary_path": "0/17/1717",
    "canonical_path": "/p/sol-mar-piscancje-perutnicke-v-piri-piri-marinadi/p10082335",
    "canonical_url": "/p/sol-mar-piscancje-perutnicke-v-piri-piri-marinadi/p10082335",
    "awards": [],
    "seals": [
      {
        "altText": "Nalepka: NOVO!",
        "image": "https://imgproxy-retcat.assets.schwarz/gW7U9oAMEinoB9aSfR-kefCuzYAnn4a_JeAvwiBZ8jM/sm:1/w:140/cz/M6Ly9wcm9kLWNhd/GFsb2ctbWVkaWEvc2kvMi8xMzJDOEE4QTc5MEM1OUI0Q0UxNUQ5OUV/GRjE1MTJBOThEN0JEOEI5NEU0MzkzRkRGQjk3Q0NCOUE5MjIxODNCLnBuZw.png"
      },
      {
        "altText": "Znak: Zamrznjeno",
        "image": "https://imgproxy-retcat.assets.schwarz/ayWyw20LfIYJzOhoc4KvR8G0z3S3CSGFD0vHUIK3dgY/sm:1/w:140/cz/M6Ly9wcm9kLWNhd/GFsb2ctbWVkaWEvc2kvMi81NkZCNjYzMzA5NkRFMERFNzUzNEI1ODY/xRDQ4Q0MxRTkxQkUzNUMxOTBGNTAyMURGMjJGODEyQzk0ODhCNTYwLnBuZw.png"
      }
    ],
    "ribbons": [],
    "highlighted_seals": 0,
    "lidl_plus": [],
    "regions": [],
    "ians": [
      "218334"
    ],
    "show_brand": true,
    "deal_of_day_active": false,
    "full_title_meta": "SOL&MAR Piščančje perutničke v „Piri-Piri“ marinadi",
    "lists": [
      4986
    ],
    "preview": false,
    "category_breadcrumbs": [
      {
        "id": "10068374",
        "name": "Hrana in pijača",
        "url": "/c/hrana-in-pijaca/s10068374",
        "hidden": false
      },
      {
        "id": "10071016",
        "name": "Meso in mesni izdelki",
        "url": "/h/meso-in-mesni-izdelki/h10071016",
        "hidden": false
      }
    ],
    "campaigns": [
      {
        "id": "Current_Sales_Week",
        "name": "Ta teden",
        "url": null,
        "hidden": false
      },
      {
        "id": "10074825",
        "name": "Navdih iberksega polotoka",
        "url": "/c/navdih-iberksega-polotoka/a10074825",
        "hidden": false
      }
    ],
    "world_of_needs_code": "1717",
    "world_of_needs_name": "Klobase in meso",
    "world_of_needs_parent": "17",
    "is_main_category": true,
    "super_categories": [
      {
        "code": "17",
        "name": "Hrana in bližnja hrana",
        "parent": "0"
      },
      {
        "code": "0",
        "name": "Svetovi potreb",
        "parent": ""
      }
    ],
    "position": 376,
    "tracking_payload": {
      "searchTrackingMasterId": "Product.10082335",
      "searchTrackingTitle": "Pi%C5%A1%C4%8Dan%C4%8Dje+perutni%C4%8Dke+v+%E2%80%9EPiri-Piri%E2%80%9C+marinadi",
      "searchTrackingPageSize": 100,
      "searchTrackingPage": 4,
      "searchTrackingEvent": "click",
      "list": "search",
      "searchTrackingId": "Product.10082335",
      "searchTrackingOrigPos": 1,
      "searchTrackingPos": 376,
      "searchTrackingOrigPageSize": 100,
      "searchTrackingChannel": "SI",
      "category": "Food"
    }
  },
  {
    "code": "10082337",
    "name": "Česnova omaka „Allioli“",
    "url": "",
    "result_class": "product",
    "type": "product",
    "product_id": 10082337,
    "erp_number": "10082337",
    "item_id": 10082337,
    "full_title": "SOL&MAR Česnova omaka „Allioli“",
    "title": "Česnova omaka „Allioli“",
    "category": "Food",
    "product_type": "RETAIL",
    "age_restriction": false,
    "is_used_product": false,
    "multipack": false,
    "online": false,
    "store": true,
    "quick_add_to_cart": false,
    "flash_sales": false,
    "having_videos": false,
    "having_threesixty": false,
    "price": 1.49,
    "old_price": 0.0,
    "currency_code": "EUR",
    "currency_symbol": "€",
    "has_star": true,
    "has_vat": false,
    "price_theme": "white_red",
    "variants_have_different_prices": false,
    "base_price_text": "1 l = 6.62",
    "base_price_prefix": false,
    "packaging_text": "225 ml",
    "discount_deleted_price": null,
    "discount_text": null,
    "discount_percentage": null,
    "discount_has_star": null,
    "show_discount": null,
    "show_percentage": null,
    "from_recommended_price": null,
    "availability_indicator": 0,
    "online_available": false,
    "min_orderable_quantity": 1,
    "orderable_quantities": [],
    "badge_texts": [
      "V trgovini od 07.07."
    ],
    "badge_types": [
      "IN_STORE_FROM_DATE_TODAY"
    ],
    "main_image": "https://imgproxy-retcat.assets.schwarz/KgyDTp8hhMFDStoD-FHgPmbQW577DEuF6LME7m1DSlU/sm:1/w:427/h:320/cz/M6Ly9wcm9kLWNhd/GFsb2ctbWVkaWEvc2kvMS9DREYzQjgyN0JGRUIwRjA4OTgzOEM1MDQ/xNDI0NjdEMTZCN0NFQkZCRUYyQkFEOTAyMkM4NDI5NjkxMUZCODU1LmpwZw.jpg",
    "image_list": [
      "https://imgproxy-retcat.assets.schwarz/KgyDTp8hhMFDStoD-FHgPmbQW577DEuF6LME7m1DSlU/sm:1/w:427/h:320/cz/M6Ly9wcm9kLWNhd/GFsb2ctbWVkaWEvc2kvMS9DREYzQjgyN0JGRUIwRjA4OTgzOEM1MDQ/xNDI0NjdEMTZCN0NFQkZCRUYyQkFEOTAyMkM4NDI5NjkxMUZCODU1LmpwZw.jpg",
      "https://imgproxy-retcat.assets.schwarz/xMvjDChmEIY4gijLL-dLH3OeTmwcUwdGsylG9VtPebE/sm:1/w:427/h:320/cz/M6Ly9wcm9kLWNhd/GFsb2ctbWVkaWEvc2kvMS83MkZFM0RGNEI1M0QxNjRDRDNBRURBQ0I/3RTVCOTlBODJDMEZFQzkzRjQ4OTkzMUNGMjNDRkFFQzY0NkUxNUU5LmpwZw.jpg",
      "https://imgproxy-retcat.assets.schwarz/vhgII15WZZhmWPJxW4S72dZ63H5UmFh9T5D5qRCV3Oc/sm:1/w:427/h:320/cz/M6Ly9wcm9kLWNhd/GFsb2ctbWVkaWEvc2kvMS83MTBERkQzOTkwNTNGNzVCOEQ5ODA1NDJ/DQzM4RjNGMDU0RkFGN0Y3N0Y5OEE5OUE2RURENjEzM0RGNTM1MjYyLmpwZw.jpg"
    ],
    "image_accessibility": "Dve kozarci majoneze Win-Win, idealni za ocvrte jedi.",
    "detailed_images": [
      {
        "url": "https://imgproxy-retcat.assets.schwarz/KgyDTp8hhMFDStoD-FHgPmbQW577DEuF6LME7m1DSlU/sm:1/w:427/h:320/cz/M6Ly9wcm9kLWNhd/GFsb2ctbWVkaWEvc2kvMS9DREYzQjgyN0JGRUIwRjA4OTgzOEM1MDQ/xNDI0NjdEMTZCN0NFQkZCRUYyQkFEOTAyMkM4NDI5NjkxMUZCODU1LmpwZw.jpg",
        "accessibility": "Dve kozarci majoneze Win-Win, idealni za ocvrte jedi."
      },
      {
        "url": "https://imgproxy-retcat.assets.schwarz/xMvjDChmEIY4gijLL-dLH3OeTmwcUwdGsylG9VtPebE/sm:1/w:427/h:320/cz/M6Ly9wcm9kLWNhd/GFsb2ctbWVkaWEvc2kvMS83MkZFM0RGNEI1M0QxNjRDRDNBRURBQ0I/3RTVCOTlBODJDMEZFQzkzRjQ4OTkzMUNGMjNDRkFFQzY0NkUxNUU5LmpwZw.jpg",
        "accessibility": "Steklenica majoneze znamke Al-Baik."
      },
      {
        "url": "https://imgproxy-retcat.assets.schwarz/vhgII15WZZhmWPJxW4S72dZ63H5UmFh9T5D5qRCV3Oc/sm:1/w:427/h:320/cz/M6Ly9wcm9kLWNhd/GFsb2ctbWVkaWEvc2kvMS83MTBERkQzOTkwNTNGNzVCOEQ5ODA1NDJ/DQzM4RjNGMDU0RkFGN0Y3N0Y5OEE5OUE2RURENjEzM0RGNTM1MjYyLmpwZw.jpg",
        "accessibility": "Steklenica majoneze Del Maiz Original."
      }
    ],
    "analytics_category": "Food",
    "more_details": "Dodatne podrobnosti o izdelku",
    "won_category_primary": "Svetovi potreb/Hrana in bližnja hrana/Začimbe, gorčica in omake",
    "won_category_primary_path": "0/17/1736",
    "canonical_path": "/p/sol-mar-cesnova-omaka-allioli/p10082337",
    "canonical_url": "/p/sol-mar-cesnova-omaka-allioli/p10082337",
    "awards": [],
    "seals": [],
    "ribbons": [],
    "highlighted_seals": 0,
    "lidl_plus": [],
    "regions": [],
    "ians": [
      "5800807"
    ],
    "show_brand": true,
    "deal_of_day_active": false,
    "full_title_meta": "SOL&MAR Česnova omaka „Allioli“",
    "lists": [
      4986
    ],
    "preview": false,
    "category_breadcrumbs": [
      {
        "id": "10068374",
        "name": "Hrana in pijača",
        "url": "/c/hrana-in-pijaca/s10068374",
        "hidden": false
      },
      {
        "id": "10071682",
        "name": "Začimbe, gorčica in omake",
        "url": "/h/zacimbe-gorcica-in-omake/h10071682",
        "hidden": false
      }
    ],
    "campaigns": [
      {
        "id": "Current_Sales_Week",
        "name": "Ta teden",
        "url": null,
        "hidden": false
      },
      {
        "id": "10074825",
        "name": "Navdih iberksega polotoka",
        "url": "/c/navdih-iberksega-polotoka/a10074825",
        "hidden": false
      }
    ],
    "world_of_needs_code": "1736",
    "world_of_needs_name": "Začimbe, gorčica in omake",
    "world_of_needs_parent": "17",
    "is_main_category": true,
    "super_categories": [
      {
        "code": "17",
        "name": "Hrana in bližnja hrana",
        "parent": "0"
      },
      {
        "code": "0",
        "name": "Svetovi potreb",
        "parent": ""
      }
    ],
    "position": 377,
    "tracking_payload": {
      "searchTrackingMasterId": "Product.10082337",
      "searchTrackingTitle": "%C4%8Cesnova+omaka+%E2%80%9EAllioli%E2%80%9C",
      "searchTrackingPageSize": 100,
      "searchTrackingPage": 4,
      "searchTrackingEvent": "click",
      "list": "search",
      "searchTrackingId": "Product.10082337",
      "searchTrackingOrigPos": 1,
      "searchTrackingPos": 377,
      "searchTrackingOrigPageSize": 100,
      "searchTrackingChannel": "SI",
      "category": "Food"
    }
  },
  {
    "code": "10082339",
    "name": "Zelene olive",
    "url": "",
    "result_class": "product",
    "type": "product",
    "product_id": 10082339,
    "erp_number": "10082339",
    "item_id": 10082339,
    "full_title": "SOL&MAR Zelene olive",
    "title": "Zelene olive",
    "category": "Food",
    "product_type": "RETAIL",
    "age_restriction": false,
    "is_used_product": false,
    "multipack": false,
    "online": false,
    "store": true,
    "quick_add_to_cart": false,
    "flash_sales": false,
    "having_videos": false,
    "having_threesixty": false,
    "price": 1.49,
    "old_price": 0.0,
    "currency_code": "EUR",
    "currency_symbol": "€",
    "has_star": true,
    "has_vat": false,
    "price_theme": "white_red",
    "variants_have_different_prices": false,
    "base_price_text": "1 kg = 3.63",
    "base_price_prefix": false,
    "packaging_text": "410 g",
    "discount_deleted_price": null,
    "discount_text": null,
    "discount_percentage": null,
    "discount_has_star": null,
    "show_discount": null,
    "show_percentage": null,
    "from_recommended_price": null,
    "availability_indicator": 0,
    "online_available": false,
    "min_orderable_quantity": 1,
    "orderable_quantities": [],
    "badge_texts": [
      "V trgovini od 07.07."
    ],
    "badge_types": [
      "IN_STORE_FROM_DATE_TODAY"
    ],
    "main_image": "https://imgproxy-retcat.assets.schwarz/Qs5ukFwn2OQruItJfcyyweHl9poxhdd3-xrOb-oAl5Y/sm:1/w:427/h:320/cz/M6Ly9wcm9kLWNhd/GFsb2ctbWVkaWEvc2kvMS83NDU1NjZGQUEzMURBRTFFODc0Qjg1QTg/1Qjk1NDBERkZCMzg4OUIyN0UyOTMzRjFCMjA3MzU1OThCMTE4QTlFLmpwZw.jpg",
    "image_list": [
      "https://imgproxy-retcat.assets.schwarz/Qs5ukFwn2OQruItJfcyyweHl9poxhdd3-xrOb-oAl5Y/sm:1/w:427/h:320/cz/M6Ly9wcm9kLWNhd/GFsb2ctbWVkaWEvc2kvMS83NDU1NjZGQUEzMURBRTFFODc0Qjg1QTg/1Qjk1NDBERkZCMzg4OUIyN0UyOTMzRjFCMjA3MzU1OThCMTE4QTlFLmpwZw.jpg"
    ],
    "image_accessibility": "Konzervirane zelene olive Don Miguel v oljčnem olju.",
    "detailed_images": [
      {
        "url": "https://imgproxy-retcat.assets.schwarz/Qs5ukFwn2OQruItJfcyyweHl9poxhdd3-xrOb-oAl5Y/sm:1/w:427/h:320/cz/M6Ly9wcm9kLWNhd/GFsb2ctbWVkaWEvc2kvMS83NDU1NjZGQUEzMURBRTFFODc0Qjg1QTg/1Qjk1NDBERkZCMzg4OUIyN0UyOTMzRjFCMjA3MzU1OThCMTE4QTlFLmpwZw.jpg",
        "accessibility": "Konzervirane zelene olive Don Miguel v oljčnem olju."
      }
    ],
    "analytics_category": "Food",
    "more_details": "Dodatne podrobnosti o izdelku",
    "won_category_primary": "Svetovi potreb/Hrana in bližnja hrana/Sadje in zelenjava",
    "won_category_primary_path": "0/17/1710",
    "canonical_path": "/p/sol-mar-zelene-olive/p10082339",
    "canonical_url": "/p/sol-mar-zelene-olive/p10082339",
    "awards": [],
    "seals": [],
    "ribbons": [],
    "highlighted_seals": 0,
    "lidl_plus": [],
    "regions": [],
    "ians": [
      "5700143"
    ],
    "show_brand": true,
    "deal_of_day_active": false,
    "full_title_meta": "SOL&MAR Zelene olive",
    "lists": [
      4986
    ],
    "preview": false,
    "category_breadcrumbs": [
      {
        "id": "10068374",
        "name": "Hrana in pijača",
        "url": "/c/hrana-in-pijaca/s10068374",
        "hidden": false
      },
      {
        "id": "10071012",
        "name": "Sadje in zelenjava",
        "url": "/h/sadje-in-zelenjava/h10071012",
        "hidden": false
      }
    ],
    "campaigns": [
      {
        "id": "Current_Sales_Week",
        "name": "Ta teden",
        "url": null,
        "hidden": false
      },
      {
        "id": "10074825",
        "name": "Navdih iberksega polotoka",
        "url": "/c/navdih-iberksega-polotoka/a10074825",
        "hidden": false
      }
    ],
    "world_of_needs_code": "1710",
    "world_of_needs_name": "Sadje in zelenjava",
    "world_of_needs_parent": "17",
    "is_main_category": true,
    "super_categories": [
      {
        "code": "17",
        "name": "Hrana in bližnja hrana",
        "parent": "0"
      },
      {
        "code": "0",
        "name": "Svetovi potreb",
        "parent": ""
      }
    ],
    "position": 378,
    "tracking_payload": {
      "searchTrackingMasterId": "Product.10082339",
      "searchTrackingTitle": "Zelene+olive",
      "searchTrackingPageSize": 100,
      "searchTrackingPage": 4,
      "searchTrackingEvent": "click",
      "list": "search",
      "searchTrackingId": "Product.10082339",
      "searchTrackingOrigPos": 1,
      "searchTrackingPos": 378,
      "searchTrackingOrigPageSize": 100,
      "searchTrackingChannel": "SI",
      "category": "Food"
    }
  },
  {
    "code": "10082341",
    "name": "Školjke/morski sadeži",
    "url": "",
    "result_class": "product",
    "type": "product",
    "product_id": 10082341,
    "erp_number": "10082341",
    "item_id": 10082341,
    "full_title": "SOL&MAR Školjke/morski sadeži",
    "title": "Školjke/morski sadeži",
    "category": "Food",
    "product_type": "RETAIL",
    "age_restriction": false,
    "is_used_product": false,
    "multipack": false,
    "online": false,
    "store": true,
    "quick_add_to_cart": false,
    "flash_sales": false,
    "having_videos": false,
    "having_threesixty": false,
    "price": 2.99,
    "old_price": 0.0,
    "currency_code": "EUR",
    "currency_symbol": "€",
    "has_star": true,
    "has_vat": false,
    "price_theme": "white_red",
    "variants_have_different_prices": false,
    "base_price_text": "1 kg = 9.97",
    "base_price_prefix": false,
    "packaging_text": "300 g",
    "discount_deleted_price": null,
    "discount_text": null,
    "discount_percentage": null,
    "discount_has_star": null,
    "show_discount": null,
    "show_percentage": null,
    "from_recommended_price": null,
    "availability_indicator": 0,
    "online_available": false,
    "min_orderable_quantity": 1,
    "orderable_quantities": [],
    "badge_texts": [
      "V trgovini od 07.07."
    ],
    "badge_types": [
      "IN_STORE_FROM_DATE_TODAY"
    ],
    "main_image": "https://imgproxy-retcat.assets.schwarz/W7RfLiJqP1z3VuRxWY07m65fU4M1NHIpbngTM3Ndx88/sm:1/w:427/h:320/cz/M6Ly9wcm9kLWNhd/GFsb2ctbWVkaWEvc2kvMS85MjQyRkIxODg1QTlEM0M0M0NERURGRDk/0QjM4N0IzOTM2OUU1MzQ4RDQ5NTZBREUzQTk5Q0Y0MDA2NzU2RTBDLmpwZw.jpg",
    "image_list": [
      "https://imgproxy-retcat.assets.schwarz/W7RfLiJqP1z3VuRxWY07m65fU4M1NHIpbngTM3Ndx88/sm:1/w:427/h:320/cz/M6Ly9wcm9kLWNhd/GFsb2ctbWVkaWEvc2kvMS85MjQyRkIxODg1QTlEM0M0M0NERURGRDk/0QjM4N0IzOTM2OUU1MzQ4RDQ5NTZBREUzQTk5Q0Y0MDA2NzU2RTBDLmpwZw.jpg",
      "https://imgproxy-retcat.assets.schwarz/c4lIsAwGNlmvJXqL4TkKJ2IvDhXd_1TkLUExS5x6hNs/sm:1/w:427/h:320/cz/M6Ly9wcm9kLWNhd/GFsb2ctbWVkaWEvc2kvMS9ENjU4RjI5MEIyRUIyRkNBMDVCN0FERjk/5Nzk0OUFFMkUwNDQ4NDMxNkQ2QzhEMjJFRjZBN0M0Qzc5MTI0MzQxLmpwZw.jpg",
      "https://imgproxy-retcat.assets.schwarz/gQfK9HZL6FoKdP8lpPUsiHjWt2cCLsz0Wt_TbmUSxJU/sm:1/w:427/h:320/cz/M6Ly9wcm9kLWNhd/GFsb2ctbWVkaWEvc2kvMS84N0FCRjZCM0E2NTBBNkYxM0VENUVDQjd/CODNGMTMxRTA3QzMyQjA0QTBBNkEyQ0Q4NjlGRjczMkQ4N0UyMUM1LmpwZw.jpg"
    ],
    "image_accessibility": "Dve škatli zamrznjenega kuhanih piščančjih kosov blagovne znamke Halal.",
    "detailed_images": [
      {
        "url": "https://imgproxy-retcat.assets.schwarz/W7RfLiJqP1z3VuRxWY07m65fU4M1NHIpbngTM3Ndx88/sm:1/w:427/h:320/cz/M6Ly9wcm9kLWNhd/GFsb2ctbWVkaWEvc2kvMS85MjQyRkIxODg1QTlEM0M0M0NERURGRDk/0QjM4N0IzOTM2OUU1MzQ4RDQ5NTZBREUzQTk5Q0Y0MDA2NzU2RTBDLmpwZw.jpg",
        "accessibility": "Dve škatli zamrznjenega kuhanih piščančjih kosov blagovne znamke Halal."
      },
      {
        "url": "https://imgproxy-retcat.assets.schwarz/c4lIsAwGNlmvJXqL4TkKJ2IvDhXd_1TkLUExS5x6hNs/sm:1/w:427/h:320/cz/M6Ly9wcm9kLWNhd/GFsb2ctbWVkaWEvc2kvMS9ENjU4RjI5MEIyRUIyRkNBMDVCN0FERjk/5Nzk0OUFFMkUwNDQ4NDMxNkQ2QzhEMjJFRjZBN0M0Qzc5MTI0MzQxLmpwZw.jpg",
        "accessibility": "Pakiranje konzerviranih školjk znamke Selekcija."
      },
      {
        "url": "https://imgproxy-retcat.assets.schwarz/gQfK9HZL6FoKdP8lpPUsiHjWt2cCLsz0Wt_TbmUSxJU/sm:1/w:427/h:320/cz/M6Ly9wcm9kLWNhd/GFsb2ctbWVkaWEvc2kvMS84N0FCRjZCM0E2NTBBNkYxM0VENUVDQjd/CODNGMTMxRTA3QzMyQjA0QTBBNkEyQ0Q4NjlGRjczMkQ4N0UyMUM1LmpwZw.jpg",
        "accessibility": "Zamrznjena mešanica morskih sadežev BMC: lignji in školjke."
      }
    ],
    "analytics_category": "Food",
    "more_details": "Dodatne podrobnosti o izdelku",
    "won_category_primary": "Svetovi potreb/Hrana in bližnja hrana/Ribe in morski sadeži",
    "won_category_primary_path": "0/17/1733",
    "canonical_path": "/p/sol-mar-skoljke-morski-sadezi/p10082341",
    "canonical_url": "/p/sol-mar-skoljke-morski-sadezi/p10082341",
    "awards": [],
    "seals": [
      {
        "altText": "Znak: Zamrznjeno",
        "image": "https://imgproxy-retcat.assets.schwarz/ayWyw20LfIYJzOhoc4KvR8G0z3S3CSGFD0vHUIK3dgY/sm:1/w:140/cz/M6Ly9wcm9kLWNhd/GFsb2ctbWVkaWEvc2kvMi81NkZCNjYzMzA5NkRFMERFNzUzNEI1ODY/xRDQ4Q0MxRTkxQkUzNUMxOTBGNTAyMURGMjJGODEyQzk0ODhCNTYwLnBuZw.png"
      }
    ],
    "ribbons": [],
    "highlighted_seals": 0,
    "lidl_plus": [],
    "regions": [],
    "ians": [
      "6000254"
    ],
    "show_brand": true,
    "deal_of_day_active": false,
    "full_title_meta": "SOL&MAR Školjke/morski sadeži",
    "lists": [
      4986
    ],
    "preview": false,
    "category_breadcrumbs": [
      {
        "id": "10068374",
        "name": "Hrana in pijača",
        "url": "/c/hrana-in-pijaca/s10068374",
        "hidden": false
      },
      {
        "id": "10071050",
        "name": "Ribe in morski sadeži",
        "url": "/h/ribe-in-morski-sadezi/h10071050",
        "hidden": false
      }
    ],
    "campaigns": [
      {
        "id": "Current_Sales_Week",
        "name": "Ta teden",
        "url": null,
        "hidden": false
      },
      {
        "id": "10074825",
        "name": "Navdih iberksega polotoka",
        "url": "/c/navdih-iberksega-polotoka/a10074825",
        "hidden": false
      }
    ],
    "world_of_needs_code": "1733",
    "world_of_needs_name": "Ribe in morski sadeži",
    "world_of_needs_parent": "17",
    "is_main_category": true,
    "super_categories": [
      {
        "code": "17",
        "name": "Hrana in bližnja hrana",
        "parent": "0"
      },
      {
        "code": "0",
        "name": "Svetovi potreb",
        "parent": ""
      }
    ],
    "position": 379,
    "tracking_payload": {
      "searchTrackingMasterId": "Product.10082341",
      "searchTrackingTitle": "%C5%A0koljke%2Fmorski+sade%C5%BEi",
      "searchTrackingPageSize": 100,
      "searchTrackingPage": 4,
      "searchTrackingEvent": "click",
      "list": "search",
      "searchTrackingId": "Product.10082341",
      "searchTrackingOrigPos": 1,
      "searchTrackingPos": 379,
      "searchTrackingOrigPageSize": 100,
      "searchTrackingChannel": "SI",
      "category": "Food"
    }
  },
  {
    "code": "10082343",
    "name": "Pekoča čilijeva omaka „Piri-Piri“",
    "url": "",
    "result_class": "product",
    "type": "product",
    "product_id": 10082343,
    "erp_number": "10082343",
    "item_id": 10082343,
    "full_title": "SOL&MAR Pekoča čilijeva omaka „Piri-Piri“",
    "title": "Pekoča čilijeva omaka „Piri-Piri“",
    "category": "Food",
    "product_type": "RETAIL",
    "age_restriction": false,
    "is_used_product": false,
    "multipack": false,
    "online": false,
    "store": true,
    "quick_add_to_cart": false,
    "flash_sales": false,
    "having_videos": false,
    "having_threesixty": false,
    "price": 0.79,
    "old_price": 0.0,
    "currency_code": "EUR",
    "currency_symbol": "€",
    "has_star": true,
    "has_vat": false,
    "price_theme": "white_red",
    "variants_have_different_prices": false,
    "base_price_text": "1 l = 4.05",
    "base_price_prefix": false,
    "packaging_text": "195 ml",
    "discount_deleted_price": null,
    "discount_text": null,
    "discount_percentage": null,
    "discount_has_star": null,
    "show_discount": null,
    "show_percentage": null,
    "from_recommended_price": null,
    "availability_indicator": 0,
    "online_available": false,
    "min_orderable_quantity": 1,
    "orderable_quantities": [],
    "badge_texts": [
      "V trgovini od 07.07."
    ],
    "badge_types": [
      "IN_STORE_FROM_DATE_TODAY"
    ],
    "main_image": "https://imgproxy-retcat.assets.schwarz/rGW_hJjhgBfSsoOOiScBayqOoxXAfV0fme5KhpW0xX8/sm:1/w:427/h:320/cz/M6Ly9wcm9kLWNhd/GFsb2ctbWVkaWEvaW50L0JBNzk4RUIyNEYwMkFBMjJGMzA1RDUyRE/JBMTEwQjhFRjUwM0VCNkU5MTI1RjU2OTczNjBEMkFFRDA1NDZBNjYucG5n.png",
    "image_list": [
      "https://imgproxy-retcat.assets.schwarz/rGW_hJjhgBfSsoOOiScBayqOoxXAfV0fme5KhpW0xX8/sm:1/w:427/h:320/cz/M6Ly9wcm9kLWNhd/GFsb2ctbWVkaWEvaW50L0JBNzk4RUIyNEYwMkFBMjJGMzA1RDUyRE/JBMTEwQjhFRjUwM0VCNkU5MTI1RjU2OTczNjBEMkFFRDA1NDZBNjYucG5n.png"
    ],
    "image_accessibility": null,
    "detailed_images": [
      {
        "url": "https://imgproxy-retcat.assets.schwarz/rGW_hJjhgBfSsoOOiScBayqOoxXAfV0fme5KhpW0xX8/sm:1/w:427/h:320/cz/M6Ly9wcm9kLWNhd/GFsb2ctbWVkaWEvaW50L0JBNzk4RUIyNEYwMkFBMjJGMzA1RDUyRE/JBMTEwQjhFRjUwM0VCNkU5MTI1RjU2OTczNjBEMkFFRDA1NDZBNjYucG5n.png",
        "accessibility": null
      }
    ],
    "analytics_category": "Food",
    "more_details": "Dodatne podrobnosti o izdelku",
    "won_category_primary": "Svetovi potreb/Hrana in bližnja hrana/Začimbe, gorčica in omake",
    "won_category_primary_path": "0/17/1736",
    "canonical_path": "/p/sol-mar-pekoca-cilijeva-omaka-piri-piri/p10082343",
    "canonical_url": "/p/sol-mar-pekoca-cilijeva-omaka-piri-piri/p10082343",
    "awards": [],
    "seals": [],
    "ribbons": [],
    "highlighted_seals": 0,
    "lidl_plus": [],
    "regions": [],
    "ians": [
      "5900017"
    ],
    "show_brand": true,
    "deal_of_day_active": false,
    "full_title_meta": "SOL&MAR Pekoča čilijeva omaka „Piri-Piri“",
    "lists": [
      4986
    ],
    "preview": false,
    "category_breadcrumbs": [
      {
        "id": "10068374",
        "name": "Hrana in pijača",
        "url": "/c/hrana-in-pijaca/s10068374",
        "hidden": false
      },
      {
        "id": "10071682",
        "name": "Začimbe, gorčica in omake",
        "url": "/h/zacimbe-gorcica-in-omake/h10071682",
        "hidden": false
      }
    ],
    "campaigns": [
      {
        "id": "Current_Sales_Week",
        "name": "Ta teden",
        "url": null,
        "hidden": false
      },
      {
        "id": "10074825",
        "name": "Navdih iberksega polotoka",
        "url": "/c/navdih-iberksega-polotoka/a10074825",
        "hidden": false
      }
    ],
    "world_of_needs_code": "1736",
    "world_of_needs_name": "Začimbe, gorčica in omake",
    "world_of_needs_parent": "17",
    "is_main_category": true,
    "super_categories": [
      {
        "code": "17",
        "name": "Hrana in bližnja hrana",
        "parent": "0"
      },
      {
        "code": "0",
        "name": "Svetovi potreb",
        "parent": ""
      }
    ],
    "position": 380,
    "tracking_payload": {
      "searchTrackingMasterId": "Product.10082343",
      "searchTrackingTitle": "Peko%C4%8Da+%C4%8Dilijeva+omaka+%E2%80%9EPiri-Piri%E2%80%9C",
      "searchTrackingPageSize": 100,
      "searchTrackingPage": 4,
      "searchTrackingEvent": "click",
      "list": "search",
      "searchTrackingId": "Product.10082343",
      "searchTrackingOrigPos": 1,
      "searchTrackingPos": 380,
      "searchTrackingOrigPageSize": 100,
      "searchTrackingChannel": "SI",
      "category": "Food"
    }
  },
  {
    "code": "10082345",
    "name": "Surimi „Muslitos del Mar“",
    "url": "",
    "result_class": "product",
    "type": "product",
    "product_id": 10082345,
    "erp_number": "10082345",
    "item_id": 10082345,
    "full_title": "SOL&MAR Surimi „Muslitos del Mar“",
    "title": "Surimi „Muslitos del Mar“",
    "category": "Food",
    "product_type": "RETAIL",
    "age_restriction": false,
    "is_used_product": false,
    "multipack": false,
    "online": false,
    "store": true,
    "quick_add_to_cart": false,
    "flash_sales": false,
    "having_videos": false,
    "having_threesixty": false,
    "price": 1.59,
    "old_price": 0.0,
    "currency_code": "EUR",
    "currency_symbol": "€",
    "has_star": true,
    "has_vat": false,
    "price_theme": "white_red",
    "variants_have_different_prices": false,
    "base_price_text": "1 kg = 6.36",
    "base_price_prefix": false,
    "packaging_text": "250 g",
    "discount_deleted_price": null,
    "discount_text": null,
    "discount_percentage": null,
    "discount_has_star": null,
    "show_discount": null,
    "show_percentage": null,
    "from_recommended_price": null,
    "availability_indicator": 0,
    "online_available": false,
    "min_orderable_quantity": 1,
    "orderable_quantities": [],
    "badge_texts": [
      "V trgovini od 07.07."
    ],
    "badge_types": [
      "IN_STORE_FROM_DATE_TODAY"
    ],
    "main_image": "https://imgproxy-retcat.assets.schwarz/ddQlIKzb0sQQnCjrqzecdtm_fM3ISnVTcz9uJwcbsg8/sm:1/w:427/h:320/cz/M6Ly9wcm9kLWNhd/GFsb2ctbWVkaWEvc2kvMS80Mjg2MjIxNUFFMzVCODE4QzFCNThDQkZ/CREY0MDdDRjNCMTcyMDQ5RTI1OUM5Q0ZFQkIyNkQxMTFBNEU2MTNGLmpwZw.jpg",
    "image_list": [
      "https://imgproxy-retcat.assets.schwarz/ddQlIKzb0sQQnCjrqzecdtm_fM3ISnVTcz9uJwcbsg8/sm:1/w:427/h:320/cz/M6Ly9wcm9kLWNhd/GFsb2ctbWVkaWEvc2kvMS80Mjg2MjIxNUFFMzVCODE4QzFCNThDQkZ/CREY0MDdDRjNCMTcyMDQ5RTI1OUM5Q0ZFQkIyNkQxMTFBNEU2MTNGLmpwZw.jpg"
    ],
    "image_accessibility": "Zamrznjeni ribji polpeti WM, pripravljeni za peko.",
    "detailed_images": [
      {
        "url": "https://imgproxy-retcat.assets.schwarz/ddQlIKzb0sQQnCjrqzecdtm_fM3ISnVTcz9uJwcbsg8/sm:1/w:427/h:320/cz/M6Ly9wcm9kLWNhd/GFsb2ctbWVkaWEvc2kvMS80Mjg2MjIxNUFFMzVCODE4QzFCNThDQkZ/CREY0MDdDRjNCMTcyMDQ5RTI1OUM5Q0ZFQkIyNkQxMTFBNEU2MTNGLmpwZw.jpg",
        "accessibility": "Zamrznjeni ribji polpeti WM, pripravljeni za peko."
      }
    ],
    "analytics_category": "Food",
    "more_details": "Dodatne podrobnosti o izdelku",
    "won_category_primary": "Svetovi potreb/Hrana in bližnja hrana/Ribe in morski sadeži",
    "won_category_primary_path": "0/17/1733",
    "canonical_path": "/p/sol-mar-surimi-muslitos-del-mar/p10082345",
    "canonical_url": "/p/sol-mar-surimi-muslitos-del-mar/p10082345",
    "awards": [],
    "seals": [
      {
        "altText": "Znak: Zamrznjeno",
        "image": "https://imgproxy-retcat.assets.schwarz/ayWyw20LfIYJzOhoc4KvR8G0z3S3CSGFD0vHUIK3dgY/sm:1/w:140/cz/M6Ly9wcm9kLWNhd/GFsb2ctbWVkaWEvc2kvMi81NkZCNjYzMzA5NkRFMERFNzUzNEI1ODY/xRDQ4Q0MxRTkxQkUzNUMxOTBGNTAyMURGMjJGODEyQzk0ODhCNTYwLnBuZw.png"
      }
    ],
    "ribbons": [],
    "highlighted_seals": 0,
    "lidl_plus": [],
    "regions": [],
    "ians": [
      "134939"
    ],
    "show_brand": true,
    "deal_of_day_active": false,
    "full_title_meta": "SOL&MAR Surimi „Muslitos del Mar“",
    "lists": [
      4986
    ],
    "preview": false,
    "category_breadcrumbs": [
      {
        "id": "10068374",
        "name": "Hrana in pijača",
        "url": "/c/hrana-in-pijaca/s10068374",
        "hidden": false
      },
      {
        "id": "10071050",
        "name": "Ribe in morski sadeži",
        "url": "/h/ribe-in-morski-sadezi/h10071050",
        "hidden": false
      }
    ],
    "campaigns": [
      {
        "id": "Current_Sales_Week",
        "name": "Ta teden",
        "url": null,
        "hidden": false
      },
      {
        "id": "10074825",
        "name": "Navdih iberksega polotoka",
        "url": "/c/navdih-iberksega-polotoka/a10074825",
        "hidden": false
      }
    ],
    "world_of_needs_code": "1733",
    "world_of_needs_name": "Ribe in morski sadeži",
    "world_of_needs_parent": "17",
    "is_main_category": true,
    "super_categories": [
      {
        "code": "17",
        "name": "Hrana in bližnja hrana",
        "parent": "0"
      },
      {
        "code": "0",
        "name": "Svetovi potreb",
        "parent": ""
      }
    ],
    "position": 381,
    "tracking_payload": {
      "searchTrackingMasterId": "Product.10082345",
      "searchTrackingTitle": "Surimi+%E2%80%9EMuslitos+del+Mar%E2%80%9C",
      "searchTrackingPageSize": 100,
      "searchTrackingPage": 4,
      "searchTrackingEvent": "click",
      "list": "search",
      "searchTrackingId": "Product.10082345",
      "searchTrackingOrigPos": 1,
      "searchTrackingPos": 381,
      "searchTrackingOrigPageSize": 100,
      "searchTrackingChannel": "SI",
      "category": "Food"
    }
  },
  {
    "code": "10082347",
    "name": "Steak rumeno-plavutega tuna",
    "url": "",
    "result_class": "product",
    "type": "product",
    "product_id": 10082347,
    "erp_number": "10082347",
    "item_id": 10082347,
    "full_title": "SOL&MAR Steak rumeno-plavutega tuna",
    "title": "Steak rumeno-plavutega tuna",
    "category": "Food",
    "product_type": "RETAIL",
    "age_restriction": false,
    "is_used_product": false,
    "multipack": false,
    "online": false,
    "store": true,
    "quick_add_to_cart": false,
    "flash_sales": false,
    "having_videos": false,
    "having_threesixty": false,
    "price": 3.99,
    "old_price": 0.0,
    "currency_code": "EUR",
    "currency_symbol": "€",
    "has_star": true,
    "has_vat": false,
    "price_theme": "white_red",
    "variants_have_different_prices": false,
    "base_price_text": "1 kg = 15.96",
    "base_price_prefix": false,
    "packaging_text": "250 g (2 x 125 g)",
    "discount_deleted_price": null,
    "discount_text": "ZGRABITE PRILOŽNOST!",
    "discount_percentage": null,
    "discount_has_star": false,
    "show_discount": false,
    "show_percentage": false,
    "from_recommended_price": false,
    "availability_indicator": 0,
    "online_available": false,
    "min_orderable_quantity": 1,
    "orderable_quantities": [],
    "badge_texts": [
      "V trgovini od 07.07."
    ],
    "badge_types": [
      "IN_STORE_FROM_DATE_TODAY"
    ],
    "main_image": "https://imgproxy-retcat.assets.schwarz/-wpeKQNIF3n8D4REfSkGjLQSzFXdtz5Rvu1bEf0bEGA/sm:1/w:427/h:320/cz/M6Ly9wcm9kLWNhd/GFsb2ctbWVkaWEvc2kvMS85QkM2MERBNThCQUMyMDg4OTc2Q0JBOTV/CODE3QTY4Q0VGNzY1NjUyM0JFREMyREQ2QzVBNjUyQzhEOTBCMTlELmpwZw.jpg",
    "image_list": [
      "https://imgproxy-retcat.assets.schwarz/-wpeKQNIF3n8D4REfSkGjLQSzFXdtz5Rvu1bEf0bEGA/sm:1/w:427/h:320/cz/M6Ly9wcm9kLWNhd/GFsb2ctbWVkaWEvc2kvMS85QkM2MERBNThCQUMyMDg4OTc2Q0JBOTV/CODE3QTY4Q0VGNzY1NjUyM0JFREMyREQ2QzVBNjUyQzhEOTBCMTlELmpwZw.jpg"
    ],
    "image_accessibility": "Vakuumsko pakirani fileji tune Vela Mare.",
    "detailed_images": [
      {
        "url": "https://imgproxy-retcat.assets.schwarz/-wpeKQNIF3n8D4REfSkGjLQSzFXdtz5Rvu1bEf0bEGA/sm:1/w:427/h:320/cz/M6Ly9wcm9kLWNhd/GFsb2ctbWVkaWEvc2kvMS85QkM2MERBNThCQUMyMDg4OTc2Q0JBOTV/CODE3QTY4Q0VGNzY1NjUyM0JFREMyREQ2QzVBNjUyQzhEOTBCMTlELmpwZw.jpg",
        "accessibility": "Vakuumsko pakirani fileji tune Vela Mare."
      }
    ],
    "analytics_category": "Food",
    "more_details": "Dodatne podrobnosti o izdelku",
    "won_category_primary": "Svetovi potreb/Hrana in bližnja hrana/Ribe in morski sadeži",
    "won_category_primary_path": "0/17/1733",
    "canonical_path": "/p/sol-mar-steak-rumeno-plavutega-tuna/p10082347",
    "canonical_url": "/p/sol-mar-steak-rumeno-plavutega-tuna/p10082347",
    "awards": [],
    "seals": [
      {
        "altText": "BestBuy Award 2019/2020.",
        "image": "https://imgproxy-retcat.assets.schwarz/Dvil_HAc-NeWLd00ddnI8fHJCQEbKhGAqushOjENPxM/sm:1/w:140/cz/M6Ly9wcm9kLWNhd/GFsb2ctbWVkaWEvc2kvMi9FOTkxRjdBMTlEMDdCRjUwRTNGMDFCNEV/DQzFCNUJBODI1RUI4N0RERjNFQzNENDBGODQ4QjM2MTJGRDE3RjYxLnBuZw.png"
      },
      {
        "altText": "Znak: Zamrznjeno",
        "image": "https://imgproxy-retcat.assets.schwarz/ayWyw20LfIYJzOhoc4KvR8G0z3S3CSGFD0vHUIK3dgY/sm:1/w:140/cz/M6Ly9wcm9kLWNhd/GFsb2ctbWVkaWEvc2kvMi81NkZCNjYzMzA5NkRFMERFNzUzNEI1ODY/xRDQ4Q0MxRTkxQkUzNUMxOTBGNTAyMURGMjJGODEyQzk0ODhCNTYwLnBuZw.png"
      }
    ],
    "ribbons": [],
    "highlighted_seals": 0,
    "lidl_plus": [],
    "regions": [],
    "ians": [
      "6006767"
    ],
    "show_brand": true,
    "deal_of_day_active": false,
    "full_title_meta": "SOL&MAR Steak rumeno-plavutega tuna",
    "lists": [
      4986
    ],
    "preview": false,
    "category_breadcrumbs": [
      {
        "id": "10068374",
        "name": "Hrana in pijača",
        "url": "/c/hrana-in-pijaca/s10068374",
        "hidden": false
      },
      {
        "id": "10071050",
        "name": "Ribe in morski sadeži",
        "url": "/h/ribe-in-morski-sadezi/h10071050",
        "hidden": false
      }
    ],
    "campaigns": [
      {
        "id": "Current_Sales_Week",
        "name": "Ta teden",
        "url": null,
        "hidden": false
      },
      {
        "id": "10074825",
        "name": "Navdih iberksega polotoka",
        "url": "/c/navdih-iberksega-polotoka/a10074825",
        "hidden": false
      }
    ],
    "world_of_needs_code": "1733",
    "world_of_needs_name": "Ribe in morski sadeži",
    "world_of_needs_parent": "17",
    "is_main_category": true,
    "super_categories": [
      {
        "code": "17",
        "name": "Hrana in bližnja hrana",
        "parent": "0"
      },
      {
        "code": "0",
        "name": "Svetovi potreb",
        "parent": ""
      }
    ],
    "position": 382,
    "tracking_payload": {
      "searchTrackingMasterId": "Product.10082347",
      "searchTrackingTitle": "Steak+rumeno-plavutega+tuna",
      "searchTrackingPageSize": 100,
      "searchTrackingPage": 4,
      "searchTrackingEvent": "click",
      "list": "search",
      "searchTrackingId": "Product.10082347",
      "searchTrackingOrigPos": 1,
      "searchTrackingPos": 382,
      "searchTrackingOrigPageSize": 100,
      "searchTrackingChannel": "SI",
      "category": "Food"
    }
  },
  {
    "code": "10082349",
    "name": "Mesna pita „Empanada“",
    "url": "",
    "result_class": "product",
    "type": "product",
    "product_id": 10082349,
    "erp_number": "10082349",
    "item_id": 10082349,
    "full_title": "SOL&MAR Mesna pita „Empanada“",
    "title": "Mesna pita „Empanada“",
    "category": "Food",
    "product_type": "RETAIL",
    "age_restriction": false,
    "is_used_product": false,
    "multipack": false,
    "online": false,
    "store": true,
    "quick_add_to_cart": false,
    "flash_sales": false,
    "having_videos": false,
    "having_threesixty": false,
    "price": 4.49,
    "old_price": 0.0,
    "currency_code": "EUR",
    "currency_symbol": "€",
    "has_star": true,
    "has_vat": false,
    "price_theme": "white_red",
    "variants_have_different_prices": false,
    "base_price_text": "1 kg = 9.98",
    "base_price_prefix": false,
    "packaging_text": "450 g",
    "discount_deleted_price": null,
    "discount_text": null,
    "discount_percentage": null,
    "discount_has_star": null,
    "show_discount": null,
    "show_percentage": null,
    "from_recommended_price": null,
    "availability_indicator": 0,
    "online_available": false,
    "min_orderable_quantity": 1,
    "orderable_quantities": [],
    "badge_texts": [
      "V trgovini od 07.07."
    ],
    "badge_types": [
      "IN_STORE_FROM_DATE_TODAY"
    ],
    "main_image": "https://imgproxy-retcat.assets.schwarz/cNRfKFHv-_0c092IlxGVJ9CIObZIiyfbKrifLHo0NwE/sm:1/w:427/h:320/cz/M6Ly9wcm9kLWNhd/GFsb2ctbWVkaWEvc2kvMS9DRTQwNDIwQzUyNjY4NjQ0RkFCQTk1OEF/CRjAzNkREMDNBOTA0RjYzNjk4REMxNjM3MDRCMkFBQjg3OUNBNjZFLmpwZw.jpg",
    "image_list": [
      "https://imgproxy-retcat.assets.schwarz/cNRfKFHv-_0c092IlxGVJ9CIObZIiyfbKrifLHo0NwE/sm:1/w:427/h:320/cz/M6Ly9wcm9kLWNhd/GFsb2ctbWVkaWEvc2kvMS9DRTQwNDIwQzUyNjY4NjQ0RkFCQTk1OEF/CRjAzNkREMDNBOTA0RjYzNjk4REMxNjM3MDRCMkFBQjg3OUNBNjZFLmpwZw.jpg",
      "https://imgproxy-retcat.assets.schwarz/zoseUmDmRIIJqC9o8-u4SC3pu8GR4iI10QfFvuglLKM/sm:1/w:427/h:320/cz/M6Ly9wcm9kLWNhd/GFsb2ctbWVkaWEvc2kvMS9ERjIwQzE1Qjc3MzQ1RjA5RjUwNDY4NDk/xQ0ZBMjkyQjdEODJBNkNBQUVDMTRFQkVEMzBBNzM4QjAwQzc3OTk2LmpwZw.jpg",
      "https://imgproxy-retcat.assets.schwarz/6852yL-T3fCNQw5WaiynuuIDgs6SAliOWdS3SfL1zFU/sm:1/w:427/h:320/cz/M6Ly9wcm9kLWNhd/GFsb2ctbWVkaWEvc2kvMS9FQTQ5OEMxMDNGNUYzQjBCOTQ3RUQyNDE/3MUNDNDQyMEJFRUY5NzY2MTM2RkVFN0E5N0FFODkyRUFFODI1QkIyLmpwZw.jpg"
    ],
    "image_accessibility": "Dve škatli zamrznjenih empanad Viña Sol, ena s piščancem, druga z mesom.",
    "detailed_images": [
      {
        "url": "https://imgproxy-retcat.assets.schwarz/cNRfKFHv-_0c092IlxGVJ9CIObZIiyfbKrifLHo0NwE/sm:1/w:427/h:320/cz/M6Ly9wcm9kLWNhd/GFsb2ctbWVkaWEvc2kvMS9DRTQwNDIwQzUyNjY4NjQ0RkFCQTk1OEF/CRjAzNkREMDNBOTA0RjYzNjk4REMxNjM3MDRCMkFBQjg3OUNBNjZFLmpwZw.jpg",
        "accessibility": "Dve škatli zamrznjenih empanad Viña Sol, ena s piščancem, druga z mesom."
      },
      {
        "url": "https://imgproxy-retcat.assets.schwarz/zoseUmDmRIIJqC9o8-u4SC3pu8GR4iI10QfFvuglLKM/sm:1/w:427/h:320/cz/M6Ly9wcm9kLWNhd/GFsb2ctbWVkaWEvc2kvMS9ERjIwQzE1Qjc3MzQ1RjA5RjUwNDY4NDk/xQ0ZBMjkyQjdEODJBNkNBQUVDMTRFQkVEMzBBNzM4QjAwQzc3OTk2LmpwZw.jpg",
        "accessibility": "La Molisana Empanada s svinjino."
      },
      {
        "url": "https://imgproxy-retcat.assets.schwarz/6852yL-T3fCNQw5WaiynuuIDgs6SAliOWdS3SfL1zFU/sm:1/w:427/h:320/cz/M6Ly9wcm9kLWNhd/GFsb2ctbWVkaWEvc2kvMS9FQTQ5OEMxMDNGNUYzQjBCOTQ3RUQyNDE/3MUNDNDQyMEJFRUY5NzY2MTM2RkVFN0E5N0FFODkyRUFFODI1QkIyLmpwZw.jpg",
        "accessibility": "Pakiranje zamrznjenih empanad s tuno znamke La Molisana."
      }
    ],
    "analytics_category": "Food",
    "more_details": "Dodatne podrobnosti o izdelku",
    "won_category_primary": "Svetovi potreb/Hrana in bližnja hrana/Klobase in meso",
    "won_category_primary_path": "0/17/1717",
    "canonical_path": "/p/sol-mar-mesna-pita-empanada/p10082349",
    "canonical_url": "/p/sol-mar-mesna-pita-empanada/p10082349",
    "awards": [],
    "seals": [
      {
        "altText": "Nalepka: NOVO!",
        "image": "https://imgproxy-retcat.assets.schwarz/gW7U9oAMEinoB9aSfR-kefCuzYAnn4a_JeAvwiBZ8jM/sm:1/w:140/cz/M6Ly9wcm9kLWNhd/GFsb2ctbWVkaWEvc2kvMi8xMzJDOEE4QTc5MEM1OUI0Q0UxNUQ5OUV/GRjE1MTJBOThEN0JEOEI5NEU0MzkzRkRGQjk3Q0NCOUE5MjIxODNCLnBuZw.png"
      },
      {
        "altText": "Nalepka: Hlajeno",
        "image": "https://imgproxy-retcat.assets.schwarz/7x3Iby7aD19hFySDnP2YoXt7E1r0JrvJVj0QO1gUOes/sm:1/w:140/cz/M6Ly9wcm9kLWNhd/GFsb2ctbWVkaWEvc2kvMi8xMzFBN0E2RDlCREZGREQxOEE2OTFDNEZ/FNDE5RTM0QUMxQjY4OEQ0OUY2QTAxMTRDRjQ1RjdCNTNDRjM2NUJBLnBuZw.png"
      }
    ],
    "ribbons": [],
    "highlighted_seals": 0,
    "lidl_plus": [],
    "regions": [],
    "ians": [
      "159128"
    ],
    "show_brand": true,
    "deal_of_day_active": false,
    "full_title_meta": "SOL&MAR Mesna pita „Empanada“",
    "lists": [
      4986
    ],
    "preview": false,
    "category_breadcrumbs": [
      {
        "id": "10068374",
        "name": "Hrana in pijača",
        "url": "/c/hrana-in-pijaca/s10068374",
        "hidden": false
      },
      {
        "id": "10071016",
        "name": "Meso in mesni izdelki",
        "url": "/h/meso-in-mesni-izdelki/h10071016",
        "hidden": false
      }
    ],
    "campaigns": [
      {
        "id": "Current_Sales_Week",
        "name": "Ta teden",
        "url": null,
        "hidden": false
      },
      {
        "id": "10074825",
        "name": "Navdih iberksega polotoka",
        "url": "/c/navdih-iberksega-polotoka/a10074825",
        "hidden": false
      }
    ],
    "world_of_needs_code": "1717",
    "world_of_needs_name": "Klobase in meso",
    "world_of_needs_parent": "17",
    "is_main_category": true,
    "super_categories": [
      {
        "code": "17",
        "name": "Hrana in bližnja hrana",
        "parent": "0"
      },
      {
        "code": "0",
        "name": "Svetovi potreb",
        "parent": ""
      }
    ],
    "position": 383,
    "tracking_payload": {
      "searchTrackingMasterId": "Product.10082349",
      "searchTrackingTitle": "Mesna+pita+%E2%80%9EEmpanada%E2%80%9C",
      "searchTrackingPageSize": 100,
      "searchTrackingPage": 4,
      "searchTrackingEvent": "click",
      "list": "search",
      "searchTrackingId": "Product.10082349",
      "searchTrackingOrigPos": 1,
      "searchTrackingPos": 383,
      "searchTrackingOrigPageSize": 100,
      "searchTrackingChannel": "SI",
      "category": "Food"
    }
  },
  {
    "code": "10082351",
    "name": "Polnjeni žepki/kroketi",
    "url": "",
    "result_class": "product",
    "type": "product",
    "product_id": 10082351,
    "erp_number": "10082351",
    "item_id": 10082351,
    "full_title": "SOL&MAR Polnjeni žepki/kroketi",
    "title": "Polnjeni žepki/kroketi",
    "category": "Food",
    "product_type": "RETAIL",
    "age_restriction": false,
    "is_used_product": false,
    "multipack": false,
    "online": false,
    "store": true,
    "quick_add_to_cart": false,
    "flash_sales": false,
    "having_videos": false,
    "having_threesixty": false,
    "price": 2.19,
    "old_price": 0.0,
    "currency_code": "EUR",
    "currency_symbol": "€",
    "has_star": true,
    "has_vat": false,
    "price_theme": "white_red",
    "variants_have_different_prices": false,
    "base_price_text": "1 kg = 6.08/5.21",
    "base_price_prefix": false,
    "packaging_text": "360/420 g",
    "discount_deleted_price": null,
    "discount_text": null,
    "discount_percentage": null,
    "discount_has_star": null,
    "show_discount": null,
    "show_percentage": null,
    "from_recommended_price": null,
    "availability_indicator": 0,
    "online_available": false,
    "min_orderable_quantity": 1,
    "orderable_quantities": [],
    "badge_texts": [
      "V trgovini od 07.07."
    ],
    "badge_types": [
      "IN_STORE_FROM_DATE_TODAY"
    ],
    "main_image": "https://imgproxy-retcat.assets.schwarz/mWhNGYNCY4IIHSIzcFnsPY5Thg8_MtSLe9cSkZT-x1U/sm:1/w:427/h:320/cz/M6Ly9wcm9kLWNhd/GFsb2ctbWVkaWEvc2kvMS8wRDRDMzRBM0RFRjAwNkQzMjI5MENBNTY/1QzhENDAwRDMwNkRERjUzNDRDQUQwRUQwRDk1N0JFMTMxN0EwMEE0LmpwZw.jpg",
    "image_list": [
      "https://imgproxy-retcat.assets.schwarz/mWhNGYNCY4IIHSIzcFnsPY5Thg8_MtSLe9cSkZT-x1U/sm:1/w:427/h:320/cz/M6Ly9wcm9kLWNhd/GFsb2ctbWVkaWEvc2kvMS8wRDRDMzRBM0RFRjAwNkQzMjI5MENBNTY/1QzhENDAwRDMwNkRERjUzNDRDQUQwRUQwRDk1N0JFMTMxN0EwMEE0LmpwZw.jpg",
      "https://imgproxy-retcat.assets.schwarz/A5-Szs_vaLrBsTAP6H8i-znYf90BIClSvpA_2k4wMmo/sm:1/w:427/h:320/cz/M6Ly9wcm9kLWNhd/GFsb2ctbWVkaWEvc2kvMS9BQzkwNEU4Qzk2NjJBRjI3NjM5MDUwOEE/4NjQzODc2OEJCNDdEMzIyNzBBMEVENTFDMjdFQzEzRjc3QTM1RDM0LmpwZw.jpg",
      "https://imgproxy-retcat.assets.schwarz/YWDZ_49vh5LIQXXeDV50mfC-DQM9UmVqc35Ffs8-6MA/sm:1/w:427/h:320/cz/M6Ly9wcm9kLWNhd/GFsb2ctbWVkaWEvc2kvMS9GQzA4MERGRkMxMjYwOTJDOEYyM0EzNTN/GMjZEMTM1MkRCODgzOUNGRUY4Mzk2Rjc1MDJGRDRCRTgyNUYzNUI1LmpwZw.jpg"
    ],
    "image_accessibility": "Pakirani zamrznjeni ribji izdelki Čarli: fileji bakalara in koščki kozice.",
    "detailed_images": [
      {
        "url": "https://imgproxy-retcat.assets.schwarz/mWhNGYNCY4IIHSIzcFnsPY5Thg8_MtSLe9cSkZT-x1U/sm:1/w:427/h:320/cz/M6Ly9wcm9kLWNhd/GFsb2ctbWVkaWEvc2kvMS8wRDRDMzRBM0RFRjAwNkQzMjI5MENBNTY/1QzhENDAwRDMwNkRERjUzNDRDQUQwRUQwRDk1N0JFMTMxN0EwMEE0LmpwZw.jpg",
        "accessibility": "Pakirani zamrznjeni ribji izdelki Čarli: fileji bakalara in koščki kozice."
      },
      {
        "url": "https://imgproxy-retcat.assets.schwarz/A5-Szs_vaLrBsTAP6H8i-znYf90BIClSvpA_2k4wMmo/sm:1/w:427/h:320/cz/M6Ly9wcm9kLWNhd/GFsb2ctbWVkaWEvc2kvMS9BQzkwNEU4Qzk2NjJBRjI3NjM5MDUwOEE/4NjQzODc2OEJCNDdEMzIyNzBBMEVENTFDMjdFQzEzRjc3QTM1RDM0LmpwZw.jpg",
        "accessibility": "Pakiranje kruhkov Bimbo za kanapeje s kozicami."
      },
      {
        "url": "https://imgproxy-retcat.assets.schwarz/YWDZ_49vh5LIQXXeDV50mfC-DQM9UmVqc35Ffs8-6MA/sm:1/w:427/h:320/cz/M6Ly9wcm9kLWNhd/GFsb2ctbWVkaWEvc2kvMS9GQzA4MERGRkMxMjYwOTJDOEYyM0EzNTN/GMjZEMTM1MkRCODgzOUNGRUY4Mzk2Rjc1MDJGRDRCRTgyNUYzNUI1LmpwZw.jpg",
        "accessibility": "Zamrznjeni fileji bakalara in kroketi Vela Mare."
      }
    ],
    "analytics_category": "Food",
    "more_details": "Dodatne podrobnosti o izdelku",
    "won_category_primary": "Svetovi potreb/Hrana in bližnja hrana/Pripravljene jedi (razen zamrznjene pice itd. in pekovskih izdelkov)",
    "won_category_primary_path": "0/17/1711",
    "canonical_path": "/p/sol-mar-polnjeni-zepki-kroketi/p10082351",
    "canonical_url": "/p/sol-mar-polnjeni-zepki-kroketi/p10082351",
    "awards": [],
    "seals": [
      {
        "altText": "Znak: Zamrznjeno",
        "image": "https://imgproxy-retcat.assets.schwarz/ayWyw20LfIYJzOhoc4KvR8G0z3S3CSGFD0vHUIK3dgY/sm:1/w:140/cz/M6Ly9wcm9kLWNhd/GFsb2ctbWVkaWEvc2kvMi81NkZCNjYzMzA5NkRFMERFNzUzNEI1ODY/xRDQ4Q0MxRTkxQkUzNUMxOTBGNTAyMURGMjJGODEyQzk0ODhCNTYwLnBuZw.png"
      }
    ],
    "ribbons": [],
    "highlighted_seals": 0,
    "lidl_plus": [],
    "regions": [],
    "ians": [
      "5900134"
    ],
    "show_brand": true,
    "deal_of_day_active": false,
    "full_title_meta": "SOL&MAR Polnjeni žepki/kroketi",
    "lists": [
      4986
    ],
    "preview": false,
    "category_breadcrumbs": [
      {
        "id": "10068374",
        "name": "Hrana in pijača",
        "url": "/c/hrana-in-pijaca/s10068374",
        "hidden": false
      },
      {
        "id": "10071020",
        "name": "Gotove jed",
        "url": "/h/gotove-jed/h10071020",
        "hidden": false
      }
    ],
    "campaigns": [
      {
        "id": "Current_Sales_Week",
        "name": "Ta teden",
        "url": null,
        "hidden": false
      },
      {
        "id": "10074825",
        "name": "Navdih iberksega polotoka",
        "url": "/c/navdih-iberksega-polotoka/a10074825",
        "hidden": false
      }
    ],
    "world_of_needs_code": "1711",
    "world_of_needs_name": "Pripravljene jedi (razen zamrznjene pice itd. in pekovskih izdelkov)",
    "world_of_needs_parent": "17",
    "is_main_category": true,
    "super_categories": [
      {
        "code": "17",
        "name": "Hrana in bližnja hrana",
        "parent": "0"
      },
      {
        "code": "0",
        "name": "Svetovi potreb",
        "parent": ""
      }
    ],
    "position": 384,
    "tracking_payload": {
      "searchTrackingMasterId": "Product.10082351",
      "searchTrackingTitle": "Polnjeni+%C5%BEepki%2Fkroketi",
      "searchTrackingPageSize": 100,
      "searchTrackingPage": 4,
      "searchTrackingEvent": "click",
      "list": "search",
      "searchTrackingId": "Product.10082351",
      "searchTrackingOrigPos": 1,
      "searchTrackingPos": 384,
      "searchTrackingOrigPageSize": 100,
      "searchTrackingChannel": "SI",
      "category": "Food"
    }
  },
  {
    "code": "10082353",
    "name": "Šparglji s kozicami",
    "url": "",
    "result_class": "product",
    "type": "product",
    "product_id": 10082353,
    "erp_number": "10082353",
    "item_id": 10082353,
    "full_title": "SOL&MAR Šparglji s kozicami",
    "title": "Šparglji s kozicami",
    "category": "Food",
    "product_type": "RETAIL",
    "age_restriction": false,
    "is_used_product": false,
    "multipack": false,
    "online": false,
    "store": true,
    "quick_add_to_cart": false,
    "flash_sales": false,
    "having_videos": false,
    "having_threesixty": false,
    "price": 2.59,
    "old_price": 0.0,
    "currency_code": "EUR",
    "currency_symbol": "€",
    "has_star": true,
    "has_vat": false,
    "price_theme": "white_red",
    "variants_have_different_prices": false,
    "base_price_text": "1 kg = 6.48",
    "base_price_prefix": false,
    "packaging_text": "400 g",
    "discount_deleted_price": null,
    "discount_text": null,
    "discount_percentage": null,
    "discount_has_star": null,
    "show_discount": null,
    "show_percentage": null,
    "from_recommended_price": null,
    "availability_indicator": 0,
    "online_available": false,
    "min_orderable_quantity": 1,
    "orderable_quantities": [],
    "badge_texts": [
      "V trgovini od 07.07."
    ],
    "badge_types": [
      "IN_STORE_FROM_DATE_TODAY"
    ],
    "main_image": "https://imgproxy-retcat.assets.schwarz/k4IOQBsrTEg8VM4JLMSEY969xVTQOm818fU7J24eaTY/sm:1/w:427/h:320/cz/M6Ly9wcm9kLWNhd/GFsb2ctbWVkaWEvc2kvMS9CQzg0RTZEMENDQTJGRUYwRDg1RTBGQUY/0QUQ3RjE2QjEyN0EwMkIyMkQzQTFCQjI2OUJDMkYyRDM3NEE0ODVDLmpwZw.jpg",
    "image_list": [
      "https://imgproxy-retcat.assets.schwarz/k4IOQBsrTEg8VM4JLMSEY969xVTQOm818fU7J24eaTY/sm:1/w:427/h:320/cz/M6Ly9wcm9kLWNhd/GFsb2ctbWVkaWEvc2kvMS9CQzg0RTZEMENDQTJGRUYwRDg1RTBGQUY/0QUQ3RjE2QjEyN0EwMkIyMkQzQTFCQjI2OUJDMkYyRDM3NEE0ODVDLmpwZw.jpg"
    ],
    "image_accessibility": "Zamrznjena mešanica zelenjave in škampov Solé Mio.",
    "detailed_images": [
      {
        "url": "https://imgproxy-retcat.assets.schwarz/k4IOQBsrTEg8VM4JLMSEY969xVTQOm818fU7J24eaTY/sm:1/w:427/h:320/cz/M6Ly9wcm9kLWNhd/GFsb2ctbWVkaWEvc2kvMS9CQzg0RTZEMENDQTJGRUYwRDg1RTBGQUY/0QUQ3RjE2QjEyN0EwMkIyMkQzQTFCQjI2OUJDMkYyRDM3NEE0ODVDLmpwZw.jpg",
        "accessibility": "Zamrznjena mešanica zelenjave in škampov Solé Mio."
      }
    ],
    "analytics_category": "Food",
    "more_details": "Dodatne podrobnosti o izdelku",
    "won_category_primary": "Svetovi potreb/Hrana in bližnja hrana/Ribe in morski sadeži",
    "won_category_primary_path": "0/17/1733",
    "canonical_path": "/p/sol-mar-sparglji-s-kozicami/p10082353",
    "canonical_url": "/p/sol-mar-sparglji-s-kozicami/p10082353",
    "awards": [],
    "seals": [
      {
        "altText": "Znak: Zamrznjeno",
        "image": "https://imgproxy-retcat.assets.schwarz/ayWyw20LfIYJzOhoc4KvR8G0z3S3CSGFD0vHUIK3dgY/sm:1/w:140/cz/M6Ly9wcm9kLWNhd/GFsb2ctbWVkaWEvc2kvMi81NkZCNjYzMzA5NkRFMERFNzUzNEI1ODY/xRDQ4Q0MxRTkxQkUzNUMxOTBGNTAyMURGMjJGODEyQzk0ODhCNTYwLnBuZw.png"
      }
    ],
    "ribbons": [],
    "highlighted_seals": 0,
    "lidl_plus": [],
    "regions": [],
    "ians": [
      "5705264"
    ],
    "show_brand": true,
    "deal_of_day_active": false,
    "full_title_meta": "SOL&MAR Šparglji s kozicami",
    "lists": [
      4986
    ],
    "preview": false,
    "category_breadcrumbs": [
      {
        "id": "10068374",
        "name": "Hrana in pijača",
        "url": "/c/hrana-in-pijaca/s10068374",
        "hidden": false
      },
      {
        "id": "10071050",
        "name": "Ribe in morski sadeži",
        "url": "/h/ribe-in-morski-sadezi/h10071050",
        "hidden": false
      }
    ],
    "campaigns": [
      {
        "id": "Current_Sales_Week",
        "name": "Ta teden",
        "url": null,
        "hidden": false
      },
      {
        "id": "10074825",
        "name": "Navdih iberksega polotoka",
        "url": "/c/navdih-iberksega-polotoka/a10074825",
        "hidden": false
      }
    ],
    "world_of_needs_code": "1733",
    "world_of_needs_name": "Ribe in morski sadeži",
    "world_of_needs_parent": "17",
    "is_main_category": true,
    "super_categories": [
      {
        "code": "17",
        "name": "Hrana in bližnja hrana",
        "parent": "0"
      },
      {
        "code": "0",
        "name": "Svetovi potreb",
        "parent": ""
      }
    ],
    "position": 385,
    "tracking_payload": {
      "searchTrackingMasterId": "Product.10082353",
      "searchTrackingTitle": "%C5%A0parglji+s+kozicami",
      "searchTrackingPageSize": 100,
      "searchTrackingPage": 4,
      "searchTrackingEvent": "click",
      "list": "search",
      "searchTrackingId": "Product.10082353",
      "searchTrackingOrigPos": 1,
      "searchTrackingPos": 385,
      "searchTrackingOrigPageSize": 100,
      "searchTrackingChannel": "SI",
      "category": "Food"
    }
  },
  {
    "code": "10082357",
    "name": "Španske sveže polnjene testenine",
    "url": "",
    "result_class": "product",
    "type": "product",
    "product_id": 10082357,
    "erp_number": "10082357",
    "item_id": 10082357,
    "full_title": "SOL&MAR Španske sveže polnjene testenine",
    "title": "Španske sveže polnjene testenine",
    "category": "Food",
    "product_type": "RETAIL",
    "age_restriction": false,
    "is_used_product": false,
    "multipack": false,
    "online": false,
    "store": true,
    "quick_add_to_cart": false,
    "flash_sales": false,
    "having_videos": false,
    "having_threesixty": false,
    "price": 2.79,
    "old_price": 0.0,
    "currency_code": "EUR",
    "currency_symbol": "€",
    "has_star": true,
    "has_vat": false,
    "price_theme": "white_red",
    "variants_have_different_prices": false,
    "base_price_text": "1 kg = 11.16",
    "base_price_prefix": false,
    "packaging_text": "250 g",
    "discount_deleted_price": null,
    "discount_text": "ZGRABITE PRILOŽNOST!",
    "discount_percentage": null,
    "discount_has_star": false,
    "show_discount": false,
    "show_percentage": false,
    "from_recommended_price": false,
    "availability_indicator": 0,
    "online_available": false,
    "min_orderable_quantity": 1,
    "orderable_quantities": [],
    "badge_texts": [
      "V trgovini od 07.07."
    ],
    "badge_types": [
      "IN_STORE_FROM_DATE_TODAY"
    ],
    "main_image": "https://imgproxy-retcat.assets.schwarz/Y1uZf_MYA4azsmdQRuGHERx3n-AvVvpZPOwdMnNClP8/sm:1/w:427/h:320/cz/M6Ly9wcm9kLWNhd/GFsb2ctbWVkaWEvc2kvMS9FMkY5ODU1Njk1RkEyNzA0NUFFMDAxNzY/wMjk5M0ExQjc2MkQ5MTJCQ0NFQUU3MjVCQzE1OEY5QjlBQ0IxRkNBLmpwZw.jpg",
    "image_list": [
      "https://imgproxy-retcat.assets.schwarz/Y1uZf_MYA4azsmdQRuGHERx3n-AvVvpZPOwdMnNClP8/sm:1/w:427/h:320/cz/M6Ly9wcm9kLWNhd/GFsb2ctbWVkaWEvc2kvMS9FMkY5ODU1Njk1RkEyNzA0NUFFMDAxNzY/wMjk5M0ExQjc2MkQ5MTJCQ0NFQUU3MjVCQzE1OEY5QjlBQ0IxRkNBLmpwZw.jpg",
      "https://imgproxy-retcat.assets.schwarz/uRzA6af2KopLyvnauYjUFxqyeBAHvCg9Fb1-EXpS24k/sm:1/w:427/h:320/cz/M6Ly9wcm9kLWNhd/GFsb2ctbWVkaWEvc2kvMS8xOEI1MDY1MzQ0NUM1M0M1MkE2Njg3RUY/3OThDQzI0RDY1NTBBQkYyMDZGQjE3MzFFQUZFNTkxNDFEMTFENTVCLmpwZw.jpg",
      "https://imgproxy-retcat.assets.schwarz/OE-5lcWwfMqm6QRGK0r-4ad_bcyVx-bnuUXQmRi06BU/sm:1/w:427/h:320/cz/M6Ly9wcm9kLWNhd/GFsb2ctbWVkaWEvc2kvMS83OTU1MEEyMjVGRUZGRTIxQ0NFRTBENTJ/FRDNGNTRENDg3QzI1RUMyRTUxRjU0RTI5MDM1NTkyQzExMkI3ODY5LmpwZw.jpg"
    ],
    "image_accessibility": "Pakirani polpeti Casa Modena: sirovi in paprikasti.",
    "detailed_images": [
      {
        "url": "https://imgproxy-retcat.assets.schwarz/Y1uZf_MYA4azsmdQRuGHERx3n-AvVvpZPOwdMnNClP8/sm:1/w:427/h:320/cz/M6Ly9wcm9kLWNhd/GFsb2ctbWVkaWEvc2kvMS9FMkY5ODU1Njk1RkEyNzA0NUFFMDAxNzY/wMjk5M0ExQjc2MkQ5MTJCQ0NFQUU3MjVCQzE1OEY5QjlBQ0IxRkNBLmpwZw.jpg",
        "accessibility": "Pakirani polpeti Casa Modena: sirovi in paprikasti."
      },
      {
        "url": "https://imgproxy-retcat.assets.schwarz/uRzA6af2KopLyvnauYjUFxqyeBAHvCg9Fb1-EXpS24k/sm:1/w:427/h:320/cz/M6Ly9wcm9kLWNhd/GFsb2ctbWVkaWEvc2kvMS8xOEI1MDY1MzQ0NUM1M0M1MkE2Njg3RUY/3OThDQzI0RDY1NTBBQkYyMDZGQjE3MzFFQUZFNTkxNDFEMTFENTVCLmpwZw.jpg",
        "accessibility": "Pakiranje Zamrznjenih Palačink Yemli"
      },
      {
        "url": "https://imgproxy-retcat.assets.schwarz/OE-5lcWwfMqm6QRGK0r-4ad_bcyVx-bnuUXQmRi06BU/sm:1/w:427/h:320/cz/M6Ly9wcm9kLWNhd/GFsb2ctbWVkaWEvc2kvMS83OTU1MEEyMjVGRUZGRTIxQ0NFRTBENTJ/FRDNGNTRENDg3QzI1RUMyRTUxRjU0RTI5MDM1NTkyQzExMkI3ODY5LmpwZw.jpg",
        "accessibility": "Pakiranje Čatežovih skutnih cmokov."
      }
    ],
    "analytics_category": "Food",
    "more_details": "Dodatne podrobnosti o izdelku",
    "won_category_primary": "Svetovi potreb/Hrana in bližnja hrana/Jajca in osnovna živila (testenine, moka, stročnice itd.)",
    "won_category_primary_path": "0/17/1715",
    "canonical_path": "/p/sol-mar-spanske-sveze-polnjene-testenine/p10082357",
    "canonical_url": "/p/sol-mar-spanske-sveze-polnjene-testenine/p10082357",
    "awards": [],
    "seals": [
      {
        "altText": "Nalepka: NOVO!",
        "image": "https://imgproxy-retcat.assets.schwarz/gW7U9oAMEinoB9aSfR-kefCuzYAnn4a_JeAvwiBZ8jM/sm:1/w:140/cz/M6Ly9wcm9kLWNhd/GFsb2ctbWVkaWEvc2kvMi8xMzJDOEE4QTc5MEM1OUI0Q0UxNUQ5OUV/GRjE1MTJBOThEN0JEOEI5NEU0MzkzRkRGQjk3Q0NCOUE5MjIxODNCLnBuZw.png"
      },
      {
        "altText": "Žig: PRODUCTO ESPAÑOL",
        "image": "https://imgproxy-retcat.assets.schwarz/FTXkSRvAczDh03LfvoK84k2qVbDDcK3NGtc7HdBCEq0/sm:1/w:140/cz/M6Ly9wcm9kLWNhd/GFsb2ctbWVkaWEvc2kvMi80RjUxRENCNUZEOEVCQTcxOENBMjM2Mzg/5MkU3OTlGMTA0RTYzQUQyNTA0RTUxNDExQTdCM0Y4N0I3MjIyMTgyLnBuZw.png"
      }
    ],
    "ribbons": [],
    "highlighted_seals": 0,
    "lidl_plus": [],
    "regions": [],
    "ians": [
      "5720674"
    ],
    "show_brand": true,
    "deal_of_day_active": false,
    "full_title_meta": "SOL&MAR Španske sveže polnjene testenine",
    "lists": [
      4986
    ],
    "preview": false,
    "category_breadcrumbs": [
      {
        "id": "10068374",
        "name": "Hrana in pijača",
        "url": "/c/hrana-in-pijaca/s10068374",
        "hidden": false
      },
      {
        "id": "10071045",
        "name": "Jajca in osnovna živila",
        "url": "/h/jajca-in-osnovna-zivila/h10071045",
        "hidden": false
      }
    ],
    "campaigns": [
      {
        "id": "Current_Sales_Week",
        "name": "Ta teden",
        "url": null,
        "hidden": false
      },
      {
        "id": "10074825",
        "name": "Navdih iberksega polotoka",
        "url": "/c/navdih-iberksega-polotoka/a10074825",
        "hidden": false
      }
    ],
    "world_of_needs_code": "1715",
    "world_of_needs_name": "Jajca in osnovna živila (testenine, moka, stročnice itd.)",
    "world_of_needs_parent": "17",
    "is_main_category": true,
    "super_categories": [
      {
        "code": "17",
        "name": "Hrana in bližnja hrana",
        "parent": "0"
      },
      {
        "code": "0",
        "name": "Svetovi potreb",
        "parent": ""
      }
    ],
    "position": 386,
    "tracking_payload": {
      "searchTrackingMasterId": "Product.10082357",
      "searchTrackingTitle": "%C5%A0panske+sve%C5%BEe+polnjene+testenine",
      "searchTrackingPageSize": 100,
      "searchTrackingPage": 4,
      "searchTrackingEvent": "click",
      "list": "search",
      "searchTrackingId": "Product.10082357",
      "searchTrackingOrigPos": 1,
      "searchTrackingPos": 386,
      "searchTrackingOrigPageSize": 100,
      "searchTrackingChannel": "SI",
      "category": "Food"
    }
  },
  {
    "code": "10082359",
    "name": "Ekstra deviško oljčno olje",
    "url": "",
    "result_class": "product",
    "type": "product",
    "product_id": 10082359,
    "erp_number": "10082359",
    "item_id": 10082359,
    "full_title": "SOL&MAR Ekstra deviško oljčno olje",
    "title": "Ekstra deviško oljčno olje",
    "category": "Food",
    "product_type": "RETAIL",
    "age_restriction": false,
    "is_used_product": false,
    "multipack": false,
    "online": false,
    "store": true,
    "quick_add_to_cart": false,
    "flash_sales": false,
    "having_videos": false,
    "having_threesixty": false,
    "price": 6.99,
    "old_price": 0.0,
    "currency_code": "EUR",
    "currency_symbol": "€",
    "has_star": true,
    "has_vat": false,
    "price_theme": "white_red",
    "variants_have_different_prices": false,
    "base_price_text": "1 l = 9.32",
    "base_price_prefix": false,
    "packaging_text": "750 ml",
    "discount_deleted_price": null,
    "discount_text": null,
    "discount_percentage": null,
    "discount_has_star": null,
    "show_discount": null,
    "show_percentage": null,
    "from_recommended_price": null,
    "availability_indicator": 0,
    "online_available": false,
    "min_orderable_quantity": 1,
    "orderable_quantities": [],
    "badge_texts": [
      "V trgovini od 07.07."
    ],
    "badge_types": [
      "IN_STORE_FROM_DATE_TODAY"
    ],
    "main_image": "https://imgproxy-retcat.assets.schwarz/7z80gakcZV7mkKcKSk42m50n0766_rADaGbZRYjezqs/sm:1/w:427/h:320/cz/M6Ly9wcm9kLWNhd/GFsb2ctbWVkaWEvc2kvMS83MUU4NjJBMDYyNzU2MTFENkI0MEU0QkU/1NTQzNTVGQkRBREY2OUE1NzgwMjg5OEZCQjlDN0QwNDBBM0JFN0M0LmpwZw.jpg",
    "image_list": [
      "https://imgproxy-retcat.assets.schwarz/7z80gakcZV7mkKcKSk42m50n0766_rADaGbZRYjezqs/sm:1/w:427/h:320/cz/M6Ly9wcm9kLWNhd/GFsb2ctbWVkaWEvc2kvMS83MUU4NjJBMDYyNzU2MTFENkI0MEU0QkU/1NTQzNTVGQkRBREY2OUE1NzgwMjg5OEZCQjlDN0QwNDBBM0JFN0M0LmpwZw.jpg"
    ],
    "image_accessibility": "Steklenica oljčnega olja Barilla.",
    "detailed_images": [
      {
        "url": "https://imgproxy-retcat.assets.schwarz/7z80gakcZV7mkKcKSk42m50n0766_rADaGbZRYjezqs/sm:1/w:427/h:320/cz/M6Ly9wcm9kLWNhd/GFsb2ctbWVkaWEvc2kvMS83MUU4NjJBMDYyNzU2MTFENkI0MEU0QkU/1NTQzNTVGQkRBREY2OUE1NzgwMjg5OEZCQjlDN0QwNDBBM0JFN0M0LmpwZw.jpg",
        "accessibility": "Steklenica oljčnega olja Barilla."
      }
    ],
    "analytics_category": "Food",
    "more_details": "Dodatne podrobnosti o izdelku",
    "won_category_primary": "Svetovi potreb/Hrana in bližnja hrana/Maščobe, olja, kis in konzerve",
    "won_category_primary_path": "0/17/1735",
    "canonical_path": "/p/sol-mar-ekstra-devisko-oljcno-olje/p10082359",
    "canonical_url": "/p/sol-mar-ekstra-devisko-oljcno-olje/p10082359",
    "awards": [],
    "seals": [],
    "ribbons": [],
    "highlighted_seals": 0,
    "lidl_plus": [],
    "regions": [],
    "ians": [
      "12081"
    ],
    "show_brand": true,
    "deal_of_day_active": false,
    "full_title_meta": "SOL&MAR Ekstra deviško oljčno olje",
    "lists": [
      4986
    ],
    "preview": false,
    "category_breadcrumbs": [
      {
        "id": "10068374",
        "name": "Hrana in pijača",
        "url": "/c/hrana-in-pijaca/s10068374",
        "hidden": false
      },
      {
        "id": "10071681",
        "name": "Maščobe, olja, kis in konzerve",
        "url": "/h/mascobe-olja-kis-in-konzerve/h10071681",
        "hidden": false
      }
    ],
    "campaigns": [
      {
        "id": "Current_Sales_Week",
        "name": "Ta teden",
        "url": null,
        "hidden": false
      },
      {
        "id": "10074825",
        "name": "Navdih iberksega polotoka",
        "url": "/c/navdih-iberksega-polotoka/a10074825",
        "hidden": false
      }
    ],
    "world_of_needs_code": "1735",
    "world_of_needs_name": "Maščobe, olja, kis in konzerve",
    "world_of_needs_parent": "17",
    "is_main_category": true,
    "super_categories": [
      {
        "code": "17",
        "name": "Hrana in bližnja hrana",
        "parent": "0"
      },
      {
        "code": "0",
        "name": "Svetovi potreb",
        "parent": ""
      }
    ],
    "position": 387,
    "tracking_payload": {
      "searchTrackingMasterId": "Product.10082359",
      "searchTrackingTitle": "Ekstra+devi%C5%A1ko+olj%C4%8Dno+olje",
      "searchTrackingPageSize": 100,
      "searchTrackingPage": 4,
      "searchTrackingEvent": "click",
      "list": "search",
      "searchTrackingId": "Product.10082359",
      "searchTrackingOrigPos": 1,
      "searchTrackingPos": 387,
      "searchTrackingOrigPageSize": 100,
      "searchTrackingChannel": "SI",
      "category": "Food"
    }
  },
  {
    "code": "10082361",
    "name": "Očiščeni lignji",
    "url": "",
    "result_class": "product",
    "type": "product",
    "product_id": 10082361,
    "erp_number": "10082361",
    "item_id": 10082361,
    "full_title": "SOL&MAR Očiščeni lignji",
    "title": "Očiščeni lignji",
    "category": "Food",
    "product_type": "RETAIL",
    "age_restriction": false,
    "is_used_product": false,
    "multipack": false,
    "online": false,
    "store": true,
    "quick_add_to_cart": false,
    "flash_sales": false,
    "having_videos": false,
    "having_threesixty": false,
    "price": 9.99,
    "old_price": 0.0,
    "currency_code": "EUR",
    "currency_symbol": "€",
    "has_star": true,
    "has_vat": false,
    "price_theme": "white_red",
    "variants_have_different_prices": false,
    "base_price_text": "1 kg = 12.49",
    "base_price_prefix": false,
    "packaging_text": "800 g",
    "discount_deleted_price": null,
    "discount_text": null,
    "discount_percentage": null,
    "discount_has_star": null,
    "show_discount": null,
    "show_percentage": null,
    "from_recommended_price": null,
    "availability_indicator": 0,
    "online_available": false,
    "min_orderable_quantity": 1,
    "orderable_quantities": [],
    "badge_texts": [
      "V trgovini od 07.07."
    ],
    "badge_types": [
      "IN_STORE_FROM_DATE_TODAY"
    ],
    "main_image": "https://imgproxy-retcat.assets.schwarz/BsKGDntUrLiHaOWDvPjwfaIUHa_0-M_Ge9eZkEARuac/sm:1/w:427/h:320/cz/M6Ly9wcm9kLWNhd/GFsb2ctbWVkaWEvc2kvMS82NEIwOUExM0VCN0JFRjBCNUJDMTMzODF/FNDJGODlDMUUxMkMxODk0Rjc5Qjg1MzE2RkNERTUwMTFFNEVERTMwLmpwZw.jpg",
    "image_list": [
      "https://imgproxy-retcat.assets.schwarz/BsKGDntUrLiHaOWDvPjwfaIUHa_0-M_Ge9eZkEARuac/sm:1/w:427/h:320/cz/M6Ly9wcm9kLWNhd/GFsb2ctbWVkaWEvc2kvMS82NEIwOUExM0VCN0JFRjBCNUJDMTMzODF/FNDJGODlDMUUxMkMxODk0Rjc5Qjg1MzE2RkNERTUwMTFFNEVERTMwLmpwZw.jpg"
    ],
    "image_accessibility": "Zamrznjeni lignji v plastični vrečki.",
    "detailed_images": [
      {
        "url": "https://imgproxy-retcat.assets.schwarz/BsKGDntUrLiHaOWDvPjwfaIUHa_0-M_Ge9eZkEARuac/sm:1/w:427/h:320/cz/M6Ly9wcm9kLWNhd/GFsb2ctbWVkaWEvc2kvMS82NEIwOUExM0VCN0JFRjBCNUJDMTMzODF/FNDJGODlDMUUxMkMxODk0Rjc5Qjg1MzE2RkNERTUwMTFFNEVERTMwLmpwZw.jpg",
        "accessibility": "Zamrznjeni lignji v plastični vrečki."
      }
    ],
    "analytics_category": "Food",
    "more_details": "Dodatne podrobnosti o izdelku",
    "won_category_primary": "Svetovi potreb/Hrana in bližnja hrana/Ribe in morski sadeži",
    "won_category_primary_path": "0/17/1733",
    "canonical_path": "/p/sol-mar-ocisceni-lignji/p10082361",
    "canonical_url": "/p/sol-mar-ocisceni-lignji/p10082361",
    "awards": [],
    "seals": [
      {
        "altText": "Znak: Zamrznjeno",
        "image": "https://imgproxy-retcat.assets.schwarz/ayWyw20LfIYJzOhoc4KvR8G0z3S3CSGFD0vHUIK3dgY/sm:1/w:140/cz/M6Ly9wcm9kLWNhd/GFsb2ctbWVkaWEvc2kvMi81NkZCNjYzMzA5NkRFMERFNzUzNEI1ODY/xRDQ4Q0MxRTkxQkUzNUMxOTBGNTAyMURGMjJGODEyQzk0ODhCNTYwLnBuZw.png"
      }
    ],
    "ribbons": [],
    "highlighted_seals": 0,
    "lidl_plus": [],
    "regions": [],
    "ians": [
      "5906226"
    ],
    "show_brand": true,
    "deal_of_day_active": false,
    "full_title_meta": "SOL&MAR Očiščeni lignji",
    "lists": [
      4986
    ],
    "preview": false,
    "category_breadcrumbs": [
      {
        "id": "10068374",
        "name": "Hrana in pijača",
        "url": "/c/hrana-in-pijaca/s10068374",
        "hidden": false
      },
      {
        "id": "10071050",
        "name": "Ribe in morski sadeži",
        "url": "/h/ribe-in-morski-sadezi/h10071050",
        "hidden": false
      }
    ],
    "campaigns": [
      {
        "id": "Current_Sales_Week",
        "name": "Ta teden",
        "url": null,
        "hidden": false
      },
      {
        "id": "10074825",
        "name": "Navdih iberksega polotoka",
        "url": "/c/navdih-iberksega-polotoka/a10074825",
        "hidden": false
      }
    ],
    "world_of_needs_code": "1733",
    "world_of_needs_name": "Ribe in morski sadeži",
    "world_of_needs_parent": "17",
    "is_main_category": true,
    "super_categories": [
      {
        "code": "17",
        "name": "Hrana in bližnja hrana",
        "parent": "0"
      },
      {
        "code": "0",
        "name": "Svetovi potreb",
        "parent": ""
      }
    ],
    "position": 388,
    "tracking_payload": {
      "searchTrackingMasterId": "Product.10082361",
      "searchTrackingTitle": "O%C4%8Di%C5%A1%C4%8Deni+lignji",
      "searchTrackingPageSize": 100,
      "searchTrackingPage": 4,
      "searchTrackingEvent": "click",
      "list": "search",
      "searchTrackingId": "Product.10082361",
      "searchTrackingOrigPos": 1,
      "searchTrackingPos": 388,
      "searchTrackingOrigPageSize": 100,
      "searchTrackingChannel": "SI",
      "category": "Food"
    }
  },
  {
    "code": "10082363",
    "name": "Pecivo „Pastel de nata“",
    "url": "",
    "result_class": "product",
    "type": "product",
    "product_id": 10082363,
    "erp_number": "10082363",
    "item_id": 10082363,
    "full_title": "Pecivo „Pastel de nata“",
    "title": "Pecivo „Pastel de nata“",
    "category": "Food",
    "product_type": "RETAIL",
    "age_restriction": false,
    "is_used_product": false,
    "multipack": false,
    "online": false,
    "store": true,
    "quick_add_to_cart": false,
    "flash_sales": false,
    "having_videos": false,
    "having_threesixty": false,
    "price": 0.59,
    "old_price": 0.0,
    "currency_code": "EUR",
    "currency_symbol": "€",
    "has_star": true,
    "has_vat": false,
    "price_theme": "white_red",
    "variants_have_different_prices": false,
    "base_price_text": "1 kg = 10.17",
    "base_price_prefix": false,
    "packaging_text": "58 g",
    "discount_deleted_price": null,
    "discount_text": null,
    "discount_percentage": null,
    "discount_has_star": null,
    "show_discount": null,
    "show_percentage": null,
    "from_recommended_price": null,
    "availability_indicator": 0,
    "online_available": false,
    "min_orderable_quantity": 1,
    "orderable_quantities": [],
    "badge_texts": [
      "V trgovini od 07.07."
    ],
    "badge_types": [
      "IN_STORE_FROM_DATE_TODAY"
    ],
    "main_image": "https://imgproxy-retcat.assets.schwarz/1PTRPh0boZVWNAWPYF9RODa7jW1vBwhZC2w3-S34I-M/sm:1/w:427/h:320/cz/M6Ly9wcm9kLWNhd/GFsb2ctbWVkaWEvc2kvMS84NzA3M0E2RDhCNDc5RDRENUNENUU0ODk/5OUE5MDQzNEZBOUQ2NEYxM0EyM0Y0RkM5QjIzQUIzNTNCNjE2OEVELmpwZw.jpg",
    "image_list": [
      "https://imgproxy-retcat.assets.schwarz/1PTRPh0boZVWNAWPYF9RODa7jW1vBwhZC2w3-S34I-M/sm:1/w:427/h:320/cz/M6Ly9wcm9kLWNhd/GFsb2ctbWVkaWEvc2kvMS84NzA3M0E2RDhCNDc5RDRENUNENUU0ODk/5OUE5MDQzNEZBOUQ2NEYxM0EyM0Y0RkM5QjIzQUIzNTNCNjE2OEVELmpwZw.jpg"
    ],
    "image_accessibility": "Tri mini pasteis de nata na lesenem pladnju.",
    "detailed_images": [
      {
        "url": "https://imgproxy-retcat.assets.schwarz/1PTRPh0boZVWNAWPYF9RODa7jW1vBwhZC2w3-S34I-M/sm:1/w:427/h:320/cz/M6Ly9wcm9kLWNhd/GFsb2ctbWVkaWEvc2kvMS84NzA3M0E2RDhCNDc5RDRENUNENUU0ODk/5OUE5MDQzNEZBOUQ2NEYxM0EyM0Y0RkM5QjIzQUIzNTNCNjE2OEVELmpwZw.jpg",
        "accessibility": "Tri mini pasteis de nata na lesenem pladnju."
      }
    ],
    "analytics_category": "Food",
    "more_details": "Dodatne podrobnosti o izdelku",
    "won_category_primary": "Svetovi potreb/Hrana in bližnja hrana/Kruh in pekovsko pecivo",
    "won_category_primary_path": "0/17/1713",
    "canonical_path": "/p/pecivo-pastel-de-nata/p10082363",
    "canonical_url": "/p/pecivo-pastel-de-nata/p10082363",
    "awards": [],
    "seals": [
      {
        "altText": "Nalepka: v Lidllovi pekárni",
        "image": "https://imgproxy-retcat.assets.schwarz/vVJLlljLGz43HBloS2eDZZvecUNVkOWmJ3lx481UV_U/sm:1/w:140/cz/M6Ly9wcm9kLWNhd/GFsb2ctbWVkaWEvc2kvMi9DRUVGRjU5RDJEMTdEODVDNURDNkYyOUJ/EMTlFQjY3RDhDOEJFMkQzNDQ5NEM2QURFOEFCRkE5NkQzMDZBQzkyLnBuZw.png"
      }
    ],
    "ribbons": [],
    "highlighted_seals": 0,
    "lidl_plus": [],
    "regions": [],
    "ians": [
      "128974"
    ],
    "show_brand": false,
    "deal_of_day_active": false,
    "full_title_meta": "Pecivo „Pastel de nata“",
    "lists": [
      4986
    ],
    "preview": false,
    "category_breadcrumbs": [
      {
        "id": "10068374",
        "name": "Hrana in pijača",
        "url": "/c/hrana-in-pijaca/s10068374",
        "hidden": false
      },
      {
        "id": "10071015",
        "name": "Kruh in pekovski izdelki",
        "url": "/h/kruh-in-pekovski-izdelki/h10071015",
        "hidden": false
      }
    ],
    "campaigns": [
      {
        "id": "Current_Sales_Week",
        "name": "Ta teden",
        "url": null,
        "hidden": false
      },
      {
        "id": "10074825",
        "name": "Navdih iberksega polotoka",
        "url": "/c/navdih-iberksega-polotoka/a10074825",
        "hidden": false
      }
    ],
    "world_of_needs_code": "1713",
    "world_of_needs_name": "Kruh in pekovsko pecivo",
    "world_of_needs_parent": "17",
    "is_main_category": true,
    "super_categories": [
      {
        "code": "17",
        "name": "Hrana in bližnja hrana",
        "parent": "0"
      },
      {
        "code": "0",
        "name": "Svetovi potreb",
        "parent": ""
      }
    ],
    "position": 389,
    "tracking_payload": {
      "searchTrackingMasterId": "Product.10082363",
      "searchTrackingTitle": "Pecivo+%E2%80%9EPastel+de+nata%E2%80%9C",
      "searchTrackingPageSize": 100,
      "searchTrackingPage": 4,
      "searchTrackingEvent": "click",
      "list": "search",
      "searchTrackingId": "Product.10082363",
      "searchTrackingOrigPos": 1,
      "searchTrackingPos": 389,
      "searchTrackingOrigPageSize": 100,
      "searchTrackingChannel": "SI",
      "category": "Food"
    }
  },
  {
    "code": "10082365",
    "name": "Sadni „mousse“",
    "url": "",
    "result_class": "product",
    "type": "product",
    "product_id": 10082365,
    "erp_number": "10082365",
    "item_id": 10082365,
    "full_title": "SOL&MAR Sadni „mousse“",
    "title": "Sadni „mousse“",
    "category": "Food",
    "product_type": "RETAIL",
    "age_restriction": false,
    "is_used_product": false,
    "multipack": false,
    "online": false,
    "store": true,
    "quick_add_to_cart": false,
    "flash_sales": false,
    "having_videos": false,
    "having_threesixty": false,
    "price": 3.49,
    "old_price": 0.0,
    "currency_code": "EUR",
    "currency_symbol": "€",
    "has_star": true,
    "has_vat": false,
    "price_theme": "white_red",
    "variants_have_different_prices": false,
    "base_price_text": "1 kg = 9.97",
    "base_price_prefix": false,
    "packaging_text": "350 g",
    "discount_deleted_price": null,
    "discount_text": null,
    "discount_percentage": null,
    "discount_has_star": null,
    "show_discount": null,
    "show_percentage": null,
    "from_recommended_price": null,
    "availability_indicator": 0,
    "online_available": false,
    "min_orderable_quantity": 1,
    "orderable_quantities": [],
    "badge_texts": [
      "V trgovini od 07.07."
    ],
    "badge_types": [
      "IN_STORE_FROM_DATE_TODAY"
    ],
    "main_image": "https://imgproxy-retcat.assets.schwarz/M-8v9nJNCqp9RMFl-fvx2lgILKfCek55gKcRhBXoBWI/sm:1/w:427/h:320/cz/M6Ly9wcm9kLWNhd/GFsb2ctbWVkaWEvc2kvMS84QjJGRjdCOThBODMzRUZBQzE2OEE5RjF/CRUYwRkY3QjdEQURCNDREMTUzRkI0OTA1OTI0QTAzMjU0NjBBNkMwLmpwZw.jpg",
    "image_list": [
      "https://imgproxy-retcat.assets.schwarz/M-8v9nJNCqp9RMFl-fvx2lgILKfCek55gKcRhBXoBWI/sm:1/w:427/h:320/cz/M6Ly9wcm9kLWNhd/GFsb2ctbWVkaWEvc2kvMS84QjJGRjdCOThBODMzRUZBQzE2OEE5RjF/CRUYwRkY3QjdEQURCNDREMTUzRkI0OTA1OTI0QTAzMjU0NjBBNkMwLmpwZw.jpg",
      "https://imgproxy-retcat.assets.schwarz/rRFdgLx08DavPMqidU6eO--8dy07XEO1PFAdTP0T3l0/sm:1/w:427/h:320/cz/M6Ly9wcm9kLWNhd/GFsb2ctbWVkaWEvc2kvMS9BMzY3Qzk3NDYxNkUyNDk2QjdGOUY2M0I/0OEM2NkU3OTRFMjZCQUQyQjREODkwNjdGQTgwOTRDMTNEOEMwOTExLmpwZw.jpg",
      "https://imgproxy-retcat.assets.schwarz/_O3wVYAYzzfg7QP_PCX_7MpUWhS16lrtTr7tyJ9V76A/sm:1/w:427/h:320/cz/M6Ly9wcm9kLWNhd/GFsb2ctbWVkaWEvc2kvMS9EQUQ1RkI3REM1QUQ4NEY3NzU3NkFBRTN/FOTZCNEU5RDU3MTFEN0NGNTQxMjI5Q0ZFMzkyOEFBMTI3REYxMUJFLmpwZw.jpg"
    ],
    "image_accessibility": "Dve posodi sladice Jell-O z okusom manga in slive.",
    "detailed_images": [
      {
        "url": "https://imgproxy-retcat.assets.schwarz/M-8v9nJNCqp9RMFl-fvx2lgILKfCek55gKcRhBXoBWI/sm:1/w:427/h:320/cz/M6Ly9wcm9kLWNhd/GFsb2ctbWVkaWEvc2kvMS84QjJGRjdCOThBODMzRUZBQzE2OEE5RjF/CRUYwRkY3QjdEQURCNDREMTUzRkI0OTA1OTI0QTAzMjU0NjBBNkMwLmpwZw.jpg",
        "accessibility": "Dve posodi sladice Jell-O z okusom manga in slive."
      },
      {
        "url": "https://imgproxy-retcat.assets.schwarz/rRFdgLx08DavPMqidU6eO--8dy07XEO1PFAdTP0T3l0/sm:1/w:427/h:320/cz/M6Ly9wcm9kLWNhd/GFsb2ctbWVkaWEvc2kvMS9BMzY3Qzk3NDYxNkUyNDk2QjdGOUY2M0I/0OEM2NkU3OTRFMjZCQUQyQjREODkwNjdGQTgwOTRDMTNEOEMwOTExLmpwZw.jpg",
        "accessibility": "Yokijev mousse od pomaranče, 150g."
      },
      {
        "url": "https://imgproxy-retcat.assets.schwarz/_O3wVYAYzzfg7QP_PCX_7MpUWhS16lrtTr7tyJ9V76A/sm:1/w:427/h:320/cz/M6Ly9wcm9kLWNhd/GFsb2ctbWVkaWEvc2kvMS9EQUQ1RkI3REM1QUQ4NEY3NzU3NkFBRTN/FOTZCNEU5RDU3MTFEN0NGNTQxMjI5Q0ZFMzkyOEFBMTI3REYxMUJFLmpwZw.jpg",
        "accessibility": "Pakiranje mousse-ja iz sangrie Yum Yum."
      }
    ],
    "analytics_category": "Food",
    "more_details": "Dodatne podrobnosti o izdelku",
    "won_category_primary": "Svetovi potreb/Hrana in bližnja hrana/Prigrizki in slaščice",
    "won_category_primary_path": "0/17/1721",
    "canonical_path": "/p/sol-mar-sadni-mousse/p10082365",
    "canonical_url": "/p/sol-mar-sadni-mousse/p10082365",
    "awards": [],
    "seals": [
      {
        "altText": "Nalepka: Hlajeno",
        "image": "https://imgproxy-retcat.assets.schwarz/7x3Iby7aD19hFySDnP2YoXt7E1r0JrvJVj0QO1gUOes/sm:1/w:140/cz/M6Ly9wcm9kLWNhd/GFsb2ctbWVkaWEvc2kvMi8xMzFBN0E2RDlCREZGREQxOEE2OTFDNEZ/FNDE5RTM0QUMxQjY4OEQ0OUY2QTAxMTRDRjQ1RjdCNTNDRjM2NUJBLnBuZw.png"
      }
    ],
    "ribbons": [],
    "highlighted_seals": 0,
    "lidl_plus": [],
    "regions": [],
    "ians": [
      "7713058"
    ],
    "show_brand": true,
    "deal_of_day_active": false,
    "full_title_meta": "SOL&MAR Sadni „mousse“",
    "lists": [
      4986
    ],
    "preview": false,
    "category_breadcrumbs": [
      {
        "id": "10068374",
        "name": "Hrana in pijača",
        "url": "/c/hrana-in-pijaca/s10068374",
        "hidden": false
      },
      {
        "id": "10071044",
        "name": "Prigrizki in sladkarije",
        "url": "/h/prigrizki-in-sladkarije/h10071044",
        "hidden": false
      }
    ],
    "campaigns": [
      {
        "id": "Current_Sales_Week",
        "name": "Ta teden",
        "url": null,
        "hidden": false
      },
      {
        "id": "10074825",
        "name": "Navdih iberksega polotoka",
        "url": "/c/navdih-iberksega-polotoka/a10074825",
        "hidden": false
      }
    ],
    "world_of_needs_code": "1721",
    "world_of_needs_name": "Prigrizki in slaščice",
    "world_of_needs_parent": "17",
    "is_main_category": true,
    "super_categories": [
      {
        "code": "17",
        "name": "Hrana in bližnja hrana",
        "parent": "0"
      },
      {
        "code": "0",
        "name": "Svetovi potreb",
        "parent": ""
      }
    ],
    "position": 390,
    "tracking_payload": {
      "searchTrackingMasterId": "Product.10082365",
      "searchTrackingTitle": "Sadni+%E2%80%9Emousse%E2%80%9C",
      "searchTrackingPageSize": 100,
      "searchTrackingPage": 4,
      "searchTrackingEvent": "click",
      "list": "search",
      "searchTrackingId": "Product.10082365",
      "searchTrackingOrigPos": 1,
      "searchTrackingPos": 390,
      "searchTrackingOrigPageSize": 100,
      "searchTrackingChannel": "SI",
      "category": "Food"
    }
  },
  {
    "code": "10082367",
    "name": "Španski sušeni kare",
    "url": "",
    "result_class": "product",
    "type": "product",
    "product_id": 10082367,
    "erp_number": "10082367",
    "item_id": 10082367,
    "full_title": "SOL&MAR Španski sušeni kare",
    "title": "Španski sušeni kare",
    "category": "Food",
    "product_type": "RETAIL",
    "age_restriction": false,
    "is_used_product": false,
    "multipack": false,
    "online": false,
    "store": true,
    "quick_add_to_cart": false,
    "flash_sales": false,
    "having_videos": false,
    "having_threesixty": false,
    "price": 2.69,
    "old_price": 0.0,
    "currency_code": "EUR",
    "currency_symbol": "€",
    "has_star": true,
    "has_vat": false,
    "price_theme": "white_red",
    "variants_have_different_prices": false,
    "base_price_text": "1 kg = 17.93",
    "base_price_prefix": false,
    "packaging_text": "2 x 75 g",
    "discount_deleted_price": null,
    "discount_text": null,
    "discount_percentage": null,
    "discount_has_star": null,
    "show_discount": null,
    "show_percentage": null,
    "from_recommended_price": null,
    "availability_indicator": 0,
    "online_available": false,
    "min_orderable_quantity": 1,
    "orderable_quantities": [],
    "badge_texts": [
      "V trgovini od 07.07."
    ],
    "badge_types": [
      "IN_STORE_FROM_DATE_TODAY"
    ],
    "main_image": "https://imgproxy-retcat.assets.schwarz/nPzF1nPGwJ1V1wTyqpXhXYxLXB0n0CEXpPD4NPWKgjY/sm:1/w:427/h:320/cz/M6Ly9wcm9kLWNhd/GFsb2ctbWVkaWEvc2kvMS9DRTk4NkY0MTlBM0EzMDBGNjhCNTAyMzE/4OTU5QTM3Q0RDRjFCMkI0QjlDMjJBMkE2QTlBRkZBQUMyRkYwMzBCLmpwZw.jpg",
    "image_list": [
      "https://imgproxy-retcat.assets.schwarz/nPzF1nPGwJ1V1wTyqpXhXYxLXB0n0CEXpPD4NPWKgjY/sm:1/w:427/h:320/cz/M6Ly9wcm9kLWNhd/GFsb2ctbWVkaWEvc2kvMS9DRTk4NkY0MTlBM0EzMDBGNjhCNTAyMzE/4OTU5QTM3Q0RDRjFCMkI0QjlDMjJBMkE2QTlBRkZBQUMyRkYwMzBCLmpwZw.jpg"
    ],
    "image_accessibility": "Pakiranje rezine prekajenega mesa Vah-Ve.",
    "detailed_images": [
      {
        "url": "https://imgproxy-retcat.assets.schwarz/nPzF1nPGwJ1V1wTyqpXhXYxLXB0n0CEXpPD4NPWKgjY/sm:1/w:427/h:320/cz/M6Ly9wcm9kLWNhd/GFsb2ctbWVkaWEvc2kvMS9DRTk4NkY0MTlBM0EzMDBGNjhCNTAyMzE/4OTU5QTM3Q0RDRjFCMkI0QjlDMjJBMkE2QTlBRkZBQUMyRkYwMzBCLmpwZw.jpg",
        "accessibility": "Pakiranje rezine prekajenega mesa Vah-Ve."
      }
    ],
    "analytics_category": "Food",
    "more_details": "Dodatne podrobnosti o izdelku",
    "won_category_primary": "Svetovi potreb/Hrana in bližnja hrana/Začimbe, gorčica in omake",
    "won_category_primary_path": "0/17/1736",
    "canonical_path": "/p/sol-mar-spanski-suseni-kare/p10082367",
    "canonical_url": "/p/sol-mar-spanski-suseni-kare/p10082367",
    "awards": [],
    "seals": [
      {
        "altText": "Žig: PRODUCTO ESPAÑOL",
        "image": "https://imgproxy-retcat.assets.schwarz/FTXkSRvAczDh03LfvoK84k2qVbDDcK3NGtc7HdBCEq0/sm:1/w:140/cz/M6Ly9wcm9kLWNhd/GFsb2ctbWVkaWEvc2kvMi80RjUxRENCNUZEOEVCQTcxOENBMjM2Mzg/5MkU3OTlGMTA0RTYzQUQyNTA0RTUxNDExQTdCM0Y4N0I3MjIyMTgyLnBuZw.png"
      },
      {
        "altText": "Nalepka: Hlajeno",
        "image": "https://imgproxy-retcat.assets.schwarz/7x3Iby7aD19hFySDnP2YoXt7E1r0JrvJVj0QO1gUOes/sm:1/w:140/cz/M6Ly9wcm9kLWNhd/GFsb2ctbWVkaWEvc2kvMi8xMzFBN0E2RDlCREZGREQxOEE2OTFDNEZ/FNDE5RTM0QUMxQjY4OEQ0OUY2QTAxMTRDRjQ1RjdCNTNDRjM2NUJBLnBuZw.png"
      }
    ],
    "ribbons": [],
    "highlighted_seals": 0,
    "lidl_plus": [],
    "regions": [],
    "ians": [
      "5700073"
    ],
    "show_brand": true,
    "deal_of_day_active": false,
    "full_title_meta": "SOL&MAR Španski sušeni kare",
    "lists": [
      4986
    ],
    "preview": false,
    "category_breadcrumbs": [
      {
        "id": "10068374",
        "name": "Hrana in pijača",
        "url": "/c/hrana-in-pijaca/s10068374",
        "hidden": false
      },
      {
        "id": "10071682",
        "name": "Začimbe, gorčica in omake",
        "url": "/h/zacimbe-gorcica-in-omake/h10071682",
        "hidden": false
      }
    ],
    "campaigns": [
      {
        "id": "Current_Sales_Week",
        "name": "Ta teden",
        "url": null,
        "hidden": false
      },
      {
        "id": "10074825",
        "name": "Navdih iberksega polotoka",
        "url": "/c/navdih-iberksega-polotoka/a10074825",
        "hidden": false
      }
    ],
    "world_of_needs_code": "1736",
    "world_of_needs_name": "Začimbe, gorčica in omake",
    "world_of_needs_parent": "17",
    "is_main_category": true,
    "super_categories": [
      {
        "code": "17",
        "name": "Hrana in bližnja hrana",
        "parent": "0"
      },
      {
        "code": "0",
        "name": "Svetovi potreb",
        "parent": ""
      }
    ],
    "position": 391,
    "tracking_payload": {
      "searchTrackingMasterId": "Product.10082367",
      "searchTrackingTitle": "%C5%A0panski+su%C5%A1eni+kare",
      "searchTrackingPageSize": 100,
      "searchTrackingPage": 4,
      "searchTrackingEvent": "click",
      "list": "search",
      "searchTrackingId": "Product.10082367",
      "searchTrackingOrigPos": 1,
      "searchTrackingPos": 391,
      "searchTrackingOrigPageSize": 100,
      "searchTrackingChannel": "SI",
      "category": "Food"
    }
  },
  {
    "code": "10082369",
    "name": "Marinirane kozice",
    "url": "",
    "result_class": "product",
    "type": "product",
    "product_id": 10082369,
    "erp_number": "10082369",
    "item_id": 10082369,
    "full_title": "SOL&MAR Marinirane kozice",
    "title": "Marinirane kozice",
    "category": "Food",
    "product_type": "RETAIL",
    "age_restriction": false,
    "is_used_product": false,
    "multipack": false,
    "online": false,
    "store": true,
    "quick_add_to_cart": false,
    "flash_sales": false,
    "having_videos": false,
    "having_threesixty": false,
    "price": 1.99,
    "old_price": 0.0,
    "currency_code": "EUR",
    "currency_symbol": "€",
    "has_star": true,
    "has_vat": false,
    "price_theme": "white_red",
    "variants_have_different_prices": false,
    "base_price_text": "1 kg = 19.90",
    "base_price_prefix": false,
    "packaging_text": "100 g",
    "discount_deleted_price": null,
    "discount_text": null,
    "discount_percentage": null,
    "discount_has_star": null,
    "show_discount": null,
    "show_percentage": null,
    "from_recommended_price": null,
    "availability_indicator": 0,
    "online_available": false,
    "min_orderable_quantity": 1,
    "orderable_quantities": [],
    "badge_texts": [
      "V trgovini od 07.07."
    ],
    "badge_types": [
      "IN_STORE_FROM_DATE_TODAY"
    ],
    "main_image": "https://imgproxy-retcat.assets.schwarz/HFMQgWAYjqr8hyBwFacNpcP-QnPvbtEfoZxLEyXsXCg/sm:1/w:427/h:320/cz/M6Ly9wcm9kLWNhd/GFsb2ctbWVkaWEvc2kvMS9GQTRCQzRDRDk0RDlCQTBDNjU3MzhCRTg/1NTMxNkY2QjUyOTg3M0RBMzIzN0Q3NDg2MDMyMUQ3Q0Q2Mzg1MURBLmpwZw.jpg",
    "image_list": [
      "https://imgproxy-retcat.assets.schwarz/HFMQgWAYjqr8hyBwFacNpcP-QnPvbtEfoZxLEyXsXCg/sm:1/w:427/h:320/cz/M6Ly9wcm9kLWNhd/GFsb2ctbWVkaWEvc2kvMS9GQTRCQzRDRDk0RDlCQTBDNjU3MzhCRTg/1NTMxNkY2QjUyOTg3M0RBMzIzN0Q3NDg2MDMyMUQ3Q0Q2Mzg1MURBLmpwZw.jpg",
      "https://imgproxy-retcat.assets.schwarz/fFsKD4dKMfq011YrLMG99qf-Vak2mtZwFitApaacRmU/sm:1/w:427/h:320/cz/M6Ly9wcm9kLWNhd/GFsb2ctbWVkaWEvc2kvMS8wNEZDRTJGNjc4NDY5MDJGQTdGMjlGRUM/xNjkxNDM3RDQ4RTk5Q0M0QTdFOEI1QkM5RTk0NkU0QTBBMjBBOEQxLmpwZw.jpg",
      "https://imgproxy-retcat.assets.schwarz/lQtJM6rFCqY-gRK1hZT1iJohRbX3a8pIkSHsWEht_6k/sm:1/w:427/h:320/cz/M6Ly9wcm9kLWNhd/GFsb2ctbWVkaWEvc2kvMS81NjJDNjM5MDIxRjQ3NjVFRTYzODE4OTd/ENTgyNDIxRTQyRTI1MzVCREYxNzA1QTE0QzYzNTVBQUE5NjE3NzlGLmpwZw.jpg"
    ],
    "image_accessibility": "Dve posodici pripravljenih škampov Picard.",
    "detailed_images": [
      {
        "url": "https://imgproxy-retcat.assets.schwarz/HFMQgWAYjqr8hyBwFacNpcP-QnPvbtEfoZxLEyXsXCg/sm:1/w:427/h:320/cz/M6Ly9wcm9kLWNhd/GFsb2ctbWVkaWEvc2kvMS9GQTRCQzRDRDk0RDlCQTBDNjU3MzhCRTg/1NTMxNkY2QjUyOTg3M0RBMzIzN0Q3NDg2MDMyMUQ3Q0Q2Mzg1MURBLmpwZw.jpg",
        "accessibility": "Dve posodici pripravljenih škampov Picard."
      },
      {
        "url": "https://imgproxy-retcat.assets.schwarz/fFsKD4dKMfq011YrLMG99qf-Vak2mtZwFitApaacRmU/sm:1/w:427/h:320/cz/M6Ly9wcm9kLWNhd/GFsb2ctbWVkaWEvc2kvMS8wNEZDRTJGNjc4NDY5MDJGQTdGMjlGRUM/xNjkxNDM3RDQ4RTk5Q0M0QTdFOEI1QkM5RTk0NkU0QTBBMjBBOEQxLmpwZw.jpg",
        "accessibility": "Konzervirani škampi Yum Yum v oljčnem olju."
      },
      {
        "url": "https://imgproxy-retcat.assets.schwarz/lQtJM6rFCqY-gRK1hZT1iJohRbX3a8pIkSHsWEht_6k/sm:1/w:427/h:320/cz/M6Ly9wcm9kLWNhd/GFsb2ctbWVkaWEvc2kvMS81NjJDNjM5MDIxRjQ3NjVFRTYzODE4OTd/ENTgyNDIxRTQyRTI1MzVCREYxNzA1QTE0QzYzNTVBQUE5NjE3NzlGLmpwZw.jpg",
        "accessibility": "Posoda s pripravljenimi kozicami Yum Yum v oljčni omaki."
      }
    ],
    "analytics_category": "Food",
    "more_details": "Dodatne podrobnosti o izdelku",
    "won_category_primary": "Svetovi potreb/Hrana in bližnja hrana/Ribe in morski sadeži",
    "won_category_primary_path": "0/17/1733",
    "canonical_path": "/p/sol-mar-marinirane-kozice/p10082369",
    "canonical_url": "/p/sol-mar-marinirane-kozice/p10082369",
    "awards": [],
    "seals": [
      {
        "altText": "ASC certifikat: Odgovorno vzgojeno rib.",
        "image": "https://imgproxy-retcat.assets.schwarz/mE33lUnDl3GDAMzefKgHKNKkUiQnocmb0HAuZKvrENY/sm:1/w:140/cz/M6Ly9wcm9kLWNhd/GFsb2ctbWVkaWEvc2kvMi85OTdCREI0NjUxNDBBQkFENzkyRjU0OTM/3QkVGNjUzOTJFOEFGQzBDN0Q0QjkzMTg5NkYwQUI0QTRFRUJENkY3LnBuZw.png"
      },
      {
        "altText": "Nalepka: Hlajeno",
        "image": "https://imgproxy-retcat.assets.schwarz/7x3Iby7aD19hFySDnP2YoXt7E1r0JrvJVj0QO1gUOes/sm:1/w:140/cz/M6Ly9wcm9kLWNhd/GFsb2ctbWVkaWEvc2kvMi8xMzFBN0E2RDlCREZGREQxOEE2OTFDNEZ/FNDE5RTM0QUMxQjY4OEQ0OUY2QTAxMTRDRjQ1RjdCNTNDRjM2NUJBLnBuZw.png"
      }
    ],
    "ribbons": [],
    "highlighted_seals": 0,
    "lidl_plus": [],
    "regions": [],
    "ians": [
      "135387"
    ],
    "show_brand": true,
    "deal_of_day_active": false,
    "full_title_meta": "SOL&MAR Marinirane kozice",
    "lists": [
      4986
    ],
    "preview": false,
    "category_breadcrumbs": [
      {
        "id": "10068374",
        "name": "Hrana in pijača",
        "url": "/c/hrana-in-pijaca/s10068374",
        "hidden": false
      },
      {
        "id": "10071050",
        "name": "Ribe in morski sadeži",
        "url": "/h/ribe-in-morski-sadezi/h10071050",
        "hidden": false
      }
    ],
    "campaigns": [
      {
        "id": "Current_Sales_Week",
        "name": "Ta teden",
        "url": null,
        "hidden": false
      },
      {
        "id": "10074825",
        "name": "Navdih iberksega polotoka",
        "url": "/c/navdih-iberksega-polotoka/a10074825",
        "hidden": false
      }
    ],
    "world_of_needs_code": "1733",
    "world_of_needs_name": "Ribe in morski sadeži",
    "world_of_needs_parent": "17",
    "is_main_category": true,
    "super_categories": [
      {
        "code": "17",
        "name": "Hrana in bližnja hrana",
        "parent": "0"
      },
      {
        "code": "0",
        "name": "Svetovi potreb",
        "parent": ""
      }
    ],
    "position": 392,
    "tracking_payload": {
      "searchTrackingMasterId": "Product.10082369",
      "searchTrackingTitle": "Marinirane+kozice",
      "searchTrackingPageSize": 100,
      "searchTrackingPage": 4,
      "searchTrackingEvent": "click",
      "list": "search",
      "searchTrackingId": "Product.10082369",
      "searchTrackingOrigPos": 1,
      "searchTrackingPos": 392,
      "searchTrackingOrigPageSize": 100,
      "searchTrackingChannel": "SI",
      "category": "Food"
    }
  },
  {
    "code": "10082371",
    "name": "Španski pršut „Jamón Serrano“",
    "url": "",
    "result_class": "product",
    "type": "product",
    "product_id": 10082371,
    "erp_number": "10082371",
    "item_id": 10082371,
    "full_title": "SOL&MAR Španski pršut „Jamón Serrano“",
    "title": "Španski pršut „Jamón Serrano“",
    "category": "Food",
    "product_type": "RETAIL",
    "age_restriction": false,
    "is_used_product": false,
    "multipack": false,
    "online": false,
    "store": true,
    "quick_add_to_cart": false,
    "flash_sales": false,
    "having_videos": false,
    "having_threesixty": false,
    "price": 4.49,
    "old_price": 0.0,
    "currency_code": "EUR",
    "currency_symbol": "€",
    "has_star": true,
    "has_vat": false,
    "price_theme": "white_red",
    "variants_have_different_prices": false,
    "base_price_text": "1 kg = 18.71",
    "base_price_prefix": false,
    "packaging_text": "240 g",
    "discount_deleted_price": null,
    "discount_text": null,
    "discount_percentage": null,
    "discount_has_star": null,
    "show_discount": null,
    "show_percentage": null,
    "from_recommended_price": null,
    "availability_indicator": 0,
    "online_available": false,
    "min_orderable_quantity": 1,
    "orderable_quantities": [],
    "badge_texts": [
      "V trgovini od 07.07."
    ],
    "badge_types": [
      "IN_STORE_FROM_DATE_TODAY"
    ],
    "main_image": "https://imgproxy-retcat.assets.schwarz/X_mZgo2ByHO5n8ucbn-kZfj1fjwY1xy_J8n9nop5JrM/sm:1/w:427/h:320/cz/M6Ly9wcm9kLWNhd/GFsb2ctbWVkaWEvc2kvMS84MEZGNDY3ODQyRDgyQzY2MzdGRENDRDN/BOTY1QzU1NDI4MzJBNjQzMTk2OTQ0OENDQUNDMzE1Mzk5NTg2MkUyLmpwZw.jpg",
    "image_list": [
      "https://imgproxy-retcat.assets.schwarz/X_mZgo2ByHO5n8ucbn-kZfj1fjwY1xy_J8n9nop5JrM/sm:1/w:427/h:320/cz/M6Ly9wcm9kLWNhd/GFsb2ctbWVkaWEvc2kvMS84MEZGNDY3ODQyRDgyQzY2MzdGRENDRDN/BOTY1QzU1NDI4MzJBNjQzMTk2OTQ0OENDQUNDMzE1Mzk5NTg2MkUyLmpwZw.jpg"
    ],
    "image_accessibility": "Pakiranje narezka šunke Joie de Vivre.",
    "detailed_images": [
      {
        "url": "https://imgproxy-retcat.assets.schwarz/X_mZgo2ByHO5n8ucbn-kZfj1fjwY1xy_J8n9nop5JrM/sm:1/w:427/h:320/cz/M6Ly9wcm9kLWNhd/GFsb2ctbWVkaWEvc2kvMS84MEZGNDY3ODQyRDgyQzY2MzdGRENDRDN/BOTY1QzU1NDI4MzJBNjQzMTk2OTQ0OENDQUNDMzE1Mzk5NTg2MkUyLmpwZw.jpg",
        "accessibility": "Pakiranje narezka šunke Joie de Vivre."
      }
    ],
    "analytics_category": "Food",
    "more_details": "Dodatne podrobnosti o izdelku",
    "won_category_primary": "Svetovi potreb/Hrana in bližnja hrana/Klobase in meso",
    "won_category_primary_path": "0/17/1717",
    "canonical_path": "/p/sol-mar-spanski-prsut-jamon-serrano/p10082371",
    "canonical_url": "/p/sol-mar-spanski-prsut-jamon-serrano/p10082371",
    "awards": [],
    "seals": [
      {
        "altText": "Tradicionalna kakovost, zaščiten geografski izvor.",
        "image": "https://imgproxy-retcat.assets.schwarz/D08cPki8ucvgCWDIeBerqJ9adHzT8PsA_d1IQBDwX1I/sm:1/w:140/cz/M6Ly9wcm9kLWNhd/GFsb2ctbWVkaWEvc2kvMi8zNTU4RDhFODlGRkEwRTNFRjlFQjdEMTB/FM0ExNTcwMDg1ODNDQTE2NDZDMzg3MDc4RjgwMzYwOUQxNDlGQjlELnBuZw.png"
      },
      {
        "altText": "Nalepka: Hlajeno",
        "image": "https://imgproxy-retcat.assets.schwarz/7x3Iby7aD19hFySDnP2YoXt7E1r0JrvJVj0QO1gUOes/sm:1/w:140/cz/M6Ly9wcm9kLWNhd/GFsb2ctbWVkaWEvc2kvMi8xMzFBN0E2RDlCREZGREQxOEE2OTFDNEZ/FNDE5RTM0QUMxQjY4OEQ0OUY2QTAxMTRDRjQ1RjdCNTNDRjM2NUJBLnBuZw.png"
      }
    ],
    "ribbons": [],
    "highlighted_seals": 0,
    "lidl_plus": [],
    "regions": [],
    "ians": [
      "5701620"
    ],
    "show_brand": true,
    "deal_of_day_active": false,
    "full_title_meta": "SOL&MAR Španski pršut „Jamón Serrano“",
    "lists": [
      4986
    ],
    "preview": false,
    "category_breadcrumbs": [
      {
        "id": "10068374",
        "name": "Hrana in pijača",
        "url": "/c/hrana-in-pijaca/s10068374",
        "hidden": false
      },
      {
        "id": "10071016",
        "name": "Meso in mesni izdelki",
        "url": "/h/meso-in-mesni-izdelki/h10071016",
        "hidden": false
      }
    ],
    "campaigns": [
      {
        "id": "Current_Sales_Week",
        "name": "Ta teden",
        "url": null,
        "hidden": false
      },
      {
        "id": "10074825",
        "name": "Navdih iberksega polotoka",
        "url": "/c/navdih-iberksega-polotoka/a10074825",
        "hidden": false
      }
    ],
    "world_of_needs_code": "1717",
    "world_of_needs_name": "Klobase in meso",
    "world_of_needs_parent": "17",
    "is_main_category": true,
    "super_categories": [
      {
        "code": "17",
        "name": "Hrana in bližnja hrana",
        "parent": "0"
      },
      {
        "code": "0",
        "name": "Svetovi potreb",
        "parent": ""
      }
    ],
    "position": 393,
    "tracking_payload": {
      "searchTrackingMasterId": "Product.10082371",
      "searchTrackingTitle": "%C5%A0panski+pr%C5%A1ut+%E2%80%9EJam%C3%B3n+Serrano%E2%80%9C",
      "searchTrackingPageSize": 100,
      "searchTrackingPage": 4,
      "searchTrackingEvent": "click",
      "list": "search",
      "searchTrackingId": "Product.10082371",
      "searchTrackingOrigPos": 1,
      "searchTrackingPos": 393,
      "searchTrackingOrigPageSize": 100,
      "searchTrackingChannel": "SI",
      "category": "Food"
    }
  },
  {
    "code": "10082373",
    "name": "Izbor španskih prigrizkov „Tapas“",
    "url": "",
    "result_class": "product",
    "type": "product",
    "product_id": 10082373,
    "erp_number": "10082373",
    "item_id": 10082373,
    "full_title": "SOL&MAR Izbor španskih prigrizkov „Tapas“",
    "title": "Izbor španskih prigrizkov „Tapas“",
    "category": "Food",
    "product_type": "RETAIL",
    "age_restriction": false,
    "is_used_product": false,
    "multipack": false,
    "online": false,
    "store": true,
    "quick_add_to_cart": false,
    "flash_sales": false,
    "having_videos": false,
    "having_threesixty": false,
    "price": 4.49,
    "old_price": 0.0,
    "currency_code": "EUR",
    "currency_symbol": "€",
    "has_star": true,
    "has_vat": false,
    "price_theme": "white_red",
    "variants_have_different_prices": false,
    "base_price_text": "1 kg = 29.93",
    "base_price_prefix": false,
    "packaging_text": "150 g",
    "discount_deleted_price": null,
    "discount_text": null,
    "discount_percentage": null,
    "discount_has_star": null,
    "show_discount": null,
    "show_percentage": null,
    "from_recommended_price": null,
    "availability_indicator": 0,
    "online_available": false,
    "min_orderable_quantity": 1,
    "orderable_quantities": [],
    "badge_texts": [
      "V trgovini od 07.07."
    ],
    "badge_types": [
      "IN_STORE_FROM_DATE_TODAY"
    ],
    "main_image": "https://imgproxy-retcat.assets.schwarz/3NTp_avEqMZIe1hfdIwTK--q4LC9Jon2b3ENGuz3e0Y/sm:1/w:427/h:320/cz/M6Ly9wcm9kLWNhd/GFsb2ctbWVkaWEvc2kvMS83OTRFNkY0Mjc3Qzk1OUExRUY2REVDNUJ/BMTMwOTVBMUY3REU3RjE3ODY1OURCRTJFNzk3QkY4OUQ3QkIyQjgyLmpwZw.jpg",
    "image_list": [
      "https://imgproxy-retcat.assets.schwarz/3NTp_avEqMZIe1hfdIwTK--q4LC9Jon2b3ENGuz3e0Y/sm:1/w:427/h:320/cz/M6Ly9wcm9kLWNhd/GFsb2ctbWVkaWEvc2kvMS83OTRFNkY0Mjc3Qzk1OUExRUY2REVDNUJ/BMTMwOTVBMUY3REU3RjE3ODY1OURCRTJFNzk3QkY4OUQ3QkIyQjgyLmpwZw.jpg"
    ],
    "image_accessibility": "Embalaža s šunko, sirom in salamo, verjetno del pakiranega narezanega mesa.",
    "detailed_images": [
      {
        "url": "https://imgproxy-retcat.assets.schwarz/3NTp_avEqMZIe1hfdIwTK--q4LC9Jon2b3ENGuz3e0Y/sm:1/w:427/h:320/cz/M6Ly9wcm9kLWNhd/GFsb2ctbWVkaWEvc2kvMS83OTRFNkY0Mjc3Qzk1OUExRUY2REVDNUJ/BMTMwOTVBMUY3REU3RjE3ODY1OURCRTJFNzk3QkY4OUQ3QkIyQjgyLmpwZw.jpg",
        "accessibility": "Embalaža s šunko, sirom in salamo, verjetno del pakiranega narezanega mesa."
      }
    ],
    "analytics_category": "Food",
    "more_details": "Dodatne podrobnosti o izdelku",
    "won_category_primary": "Svetovi potreb/Hrana in bližnja hrana/Delikatesa",
    "won_category_primary_path": "0/17/1734",
    "canonical_path": "/p/sol-mar-izbor-spanskih-prigrizkov-tapas/p10082373",
    "canonical_url": "/p/sol-mar-izbor-spanskih-prigrizkov-tapas/p10082373",
    "awards": [],
    "seals": [
      {
        "altText": "Nalepka: Hlajeno",
        "image": "https://imgproxy-retcat.assets.schwarz/7x3Iby7aD19hFySDnP2YoXt7E1r0JrvJVj0QO1gUOes/sm:1/w:140/cz/M6Ly9wcm9kLWNhd/GFsb2ctbWVkaWEvc2kvMi8xMzFBN0E2RDlCREZGREQxOEE2OTFDNEZ/FNDE5RTM0QUMxQjY4OEQ0OUY2QTAxMTRDRjQ1RjdCNTNDRjM2NUJBLnBuZw.png"
      },
      {
        "altText": "Zaščitena geografska označba.",
        "image": "https://imgproxy-retcat.assets.schwarz/_PX8a9ovPPIAMMhApUyVjwRpKjqO6NwgFml1X_VaTJE/sm:1/w:140/cz/M6Ly9wcm9kLWNhd/GFsb2ctbWVkaWEvc2kvMi80QTBEN0IxODlBRDM2MTJGMERDOTI1MDQ/zQkUyQzg0Nzc2RERFMkFCNjUzRUFFRDlFNzhDNDY2ODM2ODhCRUVFLnBuZw.png"
      }
    ],
    "ribbons": [],
    "highlighted_seals": 0,
    "lidl_plus": [],
    "regions": [],
    "ians": [
      "5706440"
    ],
    "show_brand": true,
    "deal_of_day_active": false,
    "full_title_meta": "SOL&MAR Izbor španskih prigrizkov „Tapas“",
    "lists": [
      4986
    ],
    "preview": false,
    "category_breadcrumbs": [
      {
        "id": "10068374",
        "name": "Hrana in pijača",
        "url": "/c/hrana-in-pijaca/s10068374",
        "hidden": false
      },
      {
        "id": "10071680",
        "name": "Delikatesa",
        "url": "/h/delikatesa/h10071680",
        "hidden": false
      }
    ],
    "campaigns": [
      {
        "id": "Current_Sales_Week",
        "name": "Ta teden",
        "url": null,
        "hidden": false
      },
      {
        "id": "10074825",
        "name": "Navdih iberksega polotoka",
        "url": "/c/navdih-iberksega-polotoka/a10074825",
        "hidden": false
      }
    ],
    "world_of_needs_code": "1734",
    "world_of_needs_name": "Delikatesa",
    "world_of_needs_parent": "17",
    "is_main_category": true,
    "super_categories": [
      {
        "code": "17",
        "name": "Hrana in bližnja hrana",
        "parent": "0"
      },
      {
        "code": "0",
        "name": "Svetovi potreb",
        "parent": ""
      }
    ],
    "position": 394,
    "tracking_payload": {
      "searchTrackingMasterId": "Product.10082373",
      "searchTrackingTitle": "Izbor+%C5%A1panskih+prigrizkov+%E2%80%9ETapas%E2%80%9C",
      "searchTrackingPageSize": 100,
      "searchTrackingPage": 4,
      "searchTrackingEvent": "click",
      "list": "search",
      "searchTrackingId": "Product.10082373",
      "searchTrackingOrigPos": 1,
      "searchTrackingPos": 394,
      "searchTrackingOrigPageSize": 100,
      "searchTrackingChannel": "SI",
      "category": "Food"
    }
  },
  {
    "code": "10082375",
    "name": "Izbor španskih sirov",
    "url": "",
    "result_class": "product",
    "type": "product",
    "product_id": 10082375,
    "erp_number": "10082375",
    "item_id": 10082375,
    "full_title": "SOL&MAR Izbor španskih sirov",
    "title": "Izbor španskih sirov",
    "category": "Food",
    "product_type": "RETAIL",
    "age_restriction": false,
    "is_used_product": false,
    "multipack": false,
    "online": false,
    "store": true,
    "quick_add_to_cart": false,
    "flash_sales": false,
    "having_videos": false,
    "having_threesixty": false,
    "price": 3.49,
    "old_price": 0.0,
    "currency_code": "EUR",
    "currency_symbol": "€",
    "has_star": true,
    "has_vat": false,
    "price_theme": "white_red",
    "variants_have_different_prices": false,
    "base_price_text": "1 kg = 23.27",
    "base_price_prefix": false,
    "packaging_text": "150 g",
    "discount_deleted_price": null,
    "discount_text": null,
    "discount_percentage": null,
    "discount_has_star": null,
    "show_discount": null,
    "show_percentage": null,
    "from_recommended_price": null,
    "availability_indicator": 0,
    "online_available": false,
    "min_orderable_quantity": 1,
    "orderable_quantities": [],
    "badge_texts": [
      "V trgovini od 07.07."
    ],
    "badge_types": [
      "IN_STORE_FROM_DATE_TODAY"
    ],
    "main_image": "https://imgproxy-retcat.assets.schwarz/oJz0xGDp25sr8uJNdn9ftum1wy5ZKPJtumqFhuzcTrs/sm:1/w:427/h:320/cz/M6Ly9wcm9kLWNhd/GFsb2ctbWVkaWEvc2kvMS9BMjU1MUFDNDAyNjk1NzNDQjI3NTFBRDY/2QzExRTQyMjRBODI4ODgyQTMwN0NERDlCNkJCM0NFOTJBQUQ3RkMyLmpwZw.jpg",
    "image_list": [
      "https://imgproxy-retcat.assets.schwarz/oJz0xGDp25sr8uJNdn9ftum1wy5ZKPJtumqFhuzcTrs/sm:1/w:427/h:320/cz/M6Ly9wcm9kLWNhd/GFsb2ctbWVkaWEvc2kvMS9BMjU1MUFDNDAyNjk1NzNDQjI3NTFBRDY/2QzExRTQyMjRBODI4ODgyQTMwN0NERDlCNkJCM0NFOTJBQUQ3RkMyLmpwZw.jpg"
    ],
    "image_accessibility": "Jubile Tapas de queso: trije kosi španskega sira.",
    "detailed_images": [
      {
        "url": "https://imgproxy-retcat.assets.schwarz/oJz0xGDp25sr8uJNdn9ftum1wy5ZKPJtumqFhuzcTrs/sm:1/w:427/h:320/cz/M6Ly9wcm9kLWNhd/GFsb2ctbWVkaWEvc2kvMS9BMjU1MUFDNDAyNjk1NzNDQjI3NTFBRDY/2QzExRTQyMjRBODI4ODgyQTMwN0NERDlCNkJCM0NFOTJBQUQ3RkMyLmpwZw.jpg",
        "accessibility": "Jubile Tapas de queso: trije kosi španskega sira."
      }
    ],
    "analytics_category": "Food",
    "more_details": "Dodatne podrobnosti o izdelku",
    "won_category_primary": "Svetovi potreb/Hrana in bližnja hrana/Sir in mlečni izdelki (vključno z maslom in sirom)",
    "won_category_primary_path": "0/17/1718",
    "canonical_path": "/p/sol-mar-izbor-spanskih-sirov/p10082375",
    "canonical_url": "/p/sol-mar-izbor-spanskih-sirov/p10082375",
    "awards": [],
    "seals": [
      {
        "altText": "Žig: PRODUCTO ESPAÑOL",
        "image": "https://imgproxy-retcat.assets.schwarz/FTXkSRvAczDh03LfvoK84k2qVbDDcK3NGtc7HdBCEq0/sm:1/w:140/cz/M6Ly9wcm9kLWNhd/GFsb2ctbWVkaWEvc2kvMi80RjUxRENCNUZEOEVCQTcxOENBMjM2Mzg/5MkU3OTlGMTA0RTYzQUQyNTA0RTUxNDExQTdCM0Y4N0I3MjIyMTgyLnBuZw.png"
      },
      {
        "altText": "Nalepka: Hlajeno",
        "image": "https://imgproxy-retcat.assets.schwarz/7x3Iby7aD19hFySDnP2YoXt7E1r0JrvJVj0QO1gUOes/sm:1/w:140/cz/M6Ly9wcm9kLWNhd/GFsb2ctbWVkaWEvc2kvMi8xMzFBN0E2RDlCREZGREQxOEE2OTFDNEZ/FNDE5RTM0QUMxQjY4OEQ0OUY2QTAxMTRDRjQ1RjdCNTNDRjM2NUJBLnBuZw.png"
      }
    ],
    "ribbons": [],
    "highlighted_seals": 0,
    "lidl_plus": [],
    "regions": [],
    "ians": [
      "5701936"
    ],
    "show_brand": true,
    "deal_of_day_active": false,
    "full_title_meta": "SOL&MAR Izbor španskih sirov",
    "lists": [
      4986
    ],
    "preview": false,
    "category_breadcrumbs": [
      {
        "id": "10068374",
        "name": "Hrana in pijača",
        "url": "/c/hrana-in-pijaca/s10068374",
        "hidden": false
      },
      {
        "id": "10071017",
        "name": " Sir &  Mlečni izdelki",
        "url": "/h/sir-mlecni-izdelki/h10071017",
        "hidden": false
      }
    ],
    "campaigns": [
      {
        "id": "Current_Sales_Week",
        "name": "Ta teden",
        "url": null,
        "hidden": false
      },
      {
        "id": "10074825",
        "name": "Navdih iberksega polotoka",
        "url": "/c/navdih-iberksega-polotoka/a10074825",
        "hidden": false
      }
    ],
    "world_of_needs_code": "1718",
    "world_of_needs_name": "Sir in mlečni izdelki (vključno z maslom in sirom)",
    "world_of_needs_parent": "17",
    "is_main_category": true,
    "super_categories": [
      {
        "code": "17",
        "name": "Hrana in bližnja hrana",
        "parent": "0"
      },
      {
        "code": "0",
        "name": "Svetovi potreb",
        "parent": ""
      }
    ],
    "position": 395,
    "tracking_payload": {
      "searchTrackingMasterId": "Product.10082375",
      "searchTrackingTitle": "Izbor+%C5%A1panskih+sirov",
      "searchTrackingPageSize": 100,
      "searchTrackingPage": 4,
      "searchTrackingEvent": "click",
      "list": "search",
      "searchTrackingId": "Product.10082375",
      "searchTrackingOrigPos": 1,
      "searchTrackingPos": 395,
      "searchTrackingOrigPageSize": 100,
      "searchTrackingChannel": "SI",
      "category": "Food"
    }
  },
  {
    "code": "10082379",
    "name": "Izbor sirov na španski način",
    "url": "",
    "result_class": "product",
    "type": "product",
    "product_id": 10082379,
    "erp_number": "10082379",
    "item_id": 10082379,
    "full_title": "SOL&MAR Izbor sirov na španski način",
    "title": "Izbor sirov na španski način",
    "category": "Food",
    "product_type": "RETAIL",
    "age_restriction": false,
    "is_used_product": false,
    "multipack": false,
    "online": false,
    "store": true,
    "quick_add_to_cart": false,
    "flash_sales": false,
    "having_videos": false,
    "having_threesixty": false,
    "price": 3.49,
    "old_price": 0.0,
    "currency_code": "EUR",
    "currency_symbol": "€",
    "has_star": true,
    "has_vat": false,
    "price_theme": "white_red",
    "variants_have_different_prices": false,
    "base_price_text": "1 kg = 20.53",
    "base_price_prefix": false,
    "packaging_text": "170 g",
    "discount_deleted_price": null,
    "discount_text": "ZGRABITE PRILOŽNOST!",
    "discount_percentage": null,
    "discount_has_star": false,
    "show_discount": false,
    "show_percentage": false,
    "from_recommended_price": false,
    "availability_indicator": 0,
    "online_available": false,
    "min_orderable_quantity": 1,
    "orderable_quantities": [],
    "badge_texts": [
      "V trgovini od 07.07."
    ],
    "badge_types": [
      "IN_STORE_FROM_DATE_TODAY"
    ],
    "main_image": "https://imgproxy-retcat.assets.schwarz/ASLIWWpEJN-Rx91mUplwcK9YMH68F0IYofXQ08ZkasI/sm:1/w:427/h:320/cz/M6Ly9wcm9kLWNhd/GFsb2ctbWVkaWEvc2kvMS8xNUQwOEUyMUNEMjlBNjcyOTEzMzIwN0M/1NzNDMkI0RTIyMjA5RjRGMEFCQTdGMkEyN0U3QUU2MkQ5RkQ5QjhCLmpwZw.jpg",
    "image_list": [
      "https://imgproxy-retcat.assets.schwarz/ASLIWWpEJN-Rx91mUplwcK9YMH68F0IYofXQ08ZkasI/sm:1/w:427/h:320/cz/M6Ly9wcm9kLWNhd/GFsb2ctbWVkaWEvc2kvMS8xNUQwOEUyMUNEMjlBNjcyOTEzMzIwN0M/1NzNDMkI0RTIyMjA5RjRGMEFCQTdGMkEyN0U3QUU2MkQ5RkQ5QjhCLmpwZw.jpg",
      "https://imgproxy-retcat.assets.schwarz/J-kVcQQpiTzz18MwuxAxwd9Kbg4QkMriu3qYdR2HkFA/sm:1/w:427/h:320/cz/M6Ly9wcm9kLWNhd/GFsb2ctbWVkaWEvc2kvMS9DRkRFODI0ODAxRTNEMTNGNzVDOTFEODc/3MDRCN0Q0MDE3QUI3MEU0RjdGNDkzQTIyODMyQzE0Q0RGRDQ1QzkwLmpwZw.jpg",
      "https://imgproxy-retcat.assets.schwarz/mi_Xf2iR3JG5gUnRf5YQ3HffISV64xj4iACmlovARRk/sm:1/w:427/h:320/cz/M6Ly9wcm9kLWNhd/GFsb2ctbWVkaWEvc2kvMS82NzRENjNFRDlCQUU3RkZENENBMzhBMDA/yMjJBQTlEMENFNTU0MjlERkUyNjNCREJFOTYyMkI1MTU5OThCRjcwLmpwZw.jpg"
    ],
    "image_accessibility": "Dve vrsti sira, ovčji in kozli, pakirani v blokih.",
    "detailed_images": [
      {
        "url": "https://imgproxy-retcat.assets.schwarz/ASLIWWpEJN-Rx91mUplwcK9YMH68F0IYofXQ08ZkasI/sm:1/w:427/h:320/cz/M6Ly9wcm9kLWNhd/GFsb2ctbWVkaWEvc2kvMS8xNUQwOEUyMUNEMjlBNjcyOTEzMzIwN0M/1NzNDMkI0RTIyMjA5RjRGMEFCQTdGMkEyN0U3QUU2MkQ5RkQ5QjhCLmpwZw.jpg",
        "accessibility": "Dve vrsti sira, ovčji in kozli, pakirani v blokih."
      },
      {
        "url": "https://imgproxy-retcat.assets.schwarz/J-kVcQQpiTzz18MwuxAxwd9Kbg4QkMriu3qYdR2HkFA/sm:1/w:427/h:320/cz/M6Ly9wcm9kLWNhd/GFsb2ctbWVkaWEvc2kvMS9DRkRFODI0ODAxRTNEMTNGNzVDOTFEODc/3MDRCN0Q0MDE3QUI3MEU0RjdGNDkzQTIyODMyQzE0Q0RGRDQ1QzkwLmpwZw.jpg",
        "accessibility": "Kozji sir Milka."
      },
      {
        "url": "https://imgproxy-retcat.assets.schwarz/mi_Xf2iR3JG5gUnRf5YQ3HffISV64xj4iACmlovARRk/sm:1/w:427/h:320/cz/M6Ly9wcm9kLWNhd/GFsb2ctbWVkaWEvc2kvMS82NzRENjNFRDlCQUU3RkZENENBMzhBMDA/yMjJBQTlEMENFNTU0MjlERkUyNjNCREJFOTYyMkI1MTU5OThCRjcwLmpwZw.jpg",
        "accessibility": "Sir iz ovčjega mleka, blagovna znamka JUMBO."
      }
    ],
    "analytics_category": "Food",
    "more_details": "Dodatne podrobnosti o izdelku",
    "won_category_primary": "Svetovi potreb/Hrana in bližnja hrana/Sir in mlečni izdelki (vključno z maslom in sirom)",
    "won_category_primary_path": "0/17/1718",
    "canonical_path": "/p/sol-mar-izbor-sirov-na-spanski-nacin/p10082379",
    "canonical_url": "/p/sol-mar-izbor-sirov-na-spanski-nacin/p10082379",
    "awards": [],
    "seals": [
      {
        "altText": "Nalepka: Hlajeno",
        "image": "https://imgproxy-retcat.assets.schwarz/7x3Iby7aD19hFySDnP2YoXt7E1r0JrvJVj0QO1gUOes/sm:1/w:140/cz/M6Ly9wcm9kLWNhd/GFsb2ctbWVkaWEvc2kvMi8xMzFBN0E2RDlCREZGREQxOEE2OTFDNEZ/FNDE5RTM0QUMxQjY4OEQ0OUY2QTAxMTRDRjQ1RjdCNTNDRjM2NUJBLnBuZw.png"
      }
    ],
    "ribbons": [],
    "highlighted_seals": 0,
    "lidl_plus": [],
    "regions": [],
    "ians": [
      "5713200"
    ],
    "show_brand": true,
    "deal_of_day_active": false,
    "full_title_meta": "SOL&MAR Izbor sirov na španski način",
    "lists": [
      4986
    ],
    "preview": false,
    "category_breadcrumbs": [
      {
        "id": "10068374",
        "name": "Hrana in pijača",
        "url": "/c/hrana-in-pijaca/s10068374",
        "hidden": false
      },
      {
        "id": "10071017",
        "name": " Sir &  Mlečni izdelki",
        "url": "/h/sir-mlecni-izdelki/h10071017",
        "hidden": false
      }
    ],
    "campaigns": [
      {
        "id": "Current_Sales_Week",
        "name": "Ta teden",
        "url": null,
        "hidden": false
      },
      {
        "id": "10074825",
        "name": "Navdih iberksega polotoka",
        "url": "/c/navdih-iberksega-polotoka/a10074825",
        "hidden": false
      }
    ],
    "world_of_needs_code": "1718",
    "world_of_needs_name": "Sir in mlečni izdelki (vključno z maslom in sirom)",
    "world_of_needs_parent": "17",
    "is_main_category": true,
    "super_categories": [
      {
        "code": "17",
        "name": "Hrana in bližnja hrana",
        "parent": "0"
      },
      {
        "code": "0",
        "name": "Svetovi potreb",
        "parent": ""
      }
    ],
    "position": 396,
    "tracking_payload": {
      "searchTrackingMasterId": "Product.10082379",
      "searchTrackingTitle": "Izbor+sirov+na+%C5%A1panski+na%C4%8Din",
      "searchTrackingPageSize": 100,
      "searchTrackingPage": 4,
      "searchTrackingEvent": "click",
      "list": "search",
      "searchTrackingId": "Product.10082379",
      "searchTrackingOrigPos": 1,
      "searchTrackingPos": 396,
      "searchTrackingOrigPageSize": 100,
      "searchTrackingChannel": "SI",
      "category": "Food"
    }
  },
  {
    "code": "10082381",
    "name": "Vafljeve rolice",
    "url": "",
    "result_class": "product",
    "type": "product",
    "product_id": 10082381,
    "erp_number": "10082381",
    "item_id": 10082381,
    "full_title": "SOL&MAR Vafljeve rolice",
    "title": "Vafljeve rolice",
    "category": "Food",
    "product_type": "RETAIL",
    "age_restriction": false,
    "is_used_product": false,
    "multipack": false,
    "online": false,
    "store": true,
    "quick_add_to_cart": false,
    "flash_sales": false,
    "having_videos": false,
    "having_threesixty": false,
    "price": 3.49,
    "old_price": 0.0,
    "currency_code": "EUR",
    "currency_symbol": "€",
    "has_star": true,
    "has_vat": false,
    "price_theme": "white_red",
    "variants_have_different_prices": false,
    "base_price_text": "1 kg = 8.73",
    "base_price_prefix": false,
    "packaging_text": "400 g",
    "discount_deleted_price": null,
    "discount_text": null,
    "discount_percentage": null,
    "discount_has_star": null,
    "show_discount": null,
    "show_percentage": null,
    "from_recommended_price": null,
    "availability_indicator": 0,
    "online_available": false,
    "min_orderable_quantity": 1,
    "orderable_quantities": [],
    "badge_texts": [
      "V trgovini od 07.07."
    ],
    "badge_types": [
      "IN_STORE_FROM_DATE_TODAY"
    ],
    "main_image": "https://imgproxy-retcat.assets.schwarz/0okqQDawnX6lG0eiPr6mnhnH3ZA46yWB5mIf9ZdcAL4/sm:1/w:427/h:320/cz/M6Ly9wcm9kLWNhd/GFsb2ctbWVkaWEvc2kvMS8yM0Y5MDVEMjBGRjI5REU5MkNDQTUzNzA/5NTFDRTEzOTk3QjhGN0RBMTYyMkFGQTI2NkU1NTVCMkExMjdFQTdCLmpwZw.jpg",
    "image_list": [
      "https://imgproxy-retcat.assets.schwarz/0okqQDawnX6lG0eiPr6mnhnH3ZA46yWB5mIf9ZdcAL4/sm:1/w:427/h:320/cz/M6Ly9wcm9kLWNhd/GFsb2ctbWVkaWEvc2kvMS8yM0Y5MDVEMjBGRjI5REU5MkNDQTUzNzA/5NTFDRTEzOTk3QjhGN0RBMTYyMkFGQTI2NkU1NTVCMkExMjdFQTdCLmpwZw.jpg",
      "https://imgproxy-retcat.assets.schwarz/OaFyJ2BcDud5GsKuzfUcFXLXrg1aStb18gNC8TKJ3w4/sm:1/w:427/h:320/cz/M6Ly9wcm9kLWNhd/GFsb2ctbWVkaWEvc2kvMS8zREY2M0YxNkFENTgwODlEMDg1M0I4MzY/4ODM1QTI2RjZENEIzQzQxRjM3NUE3MjJBNDdBQzQ4RDA3MkJERURCLmpwZw.jpg",
      "https://imgproxy-retcat.assets.schwarz/SYnqvJnfcPMjp5IqGWbp4XH1ybTIYrgF1zFRje86Xk0/sm:1/w:427/h:320/cz/M6Ly9wcm9kLWNhd/GFsb2ctbWVkaWEvc2kvMS9CMTQwODk0QkRBRkRCQjhFQTk5NDgzMTM/zOTg0OTgwQjAxMzcxMjRBQ0QxMEYxOTlEMkNFM0MyNDNBMzY4NkM4LmpwZw.jpg"
    ],
    "image_accessibility": "Dve pločevinki Mamina Suhih rogljičkov, okusov čokolada in med.",
    "detailed_images": [
      {
        "url": "https://imgproxy-retcat.assets.schwarz/0okqQDawnX6lG0eiPr6mnhnH3ZA46yWB5mIf9ZdcAL4/sm:1/w:427/h:320/cz/M6Ly9wcm9kLWNhd/GFsb2ctbWVkaWEvc2kvMS8yM0Y5MDVEMjBGRjI5REU5MkNDQTUzNzA/5NTFDRTEzOTk3QjhGN0RBMTYyMkFGQTI2NkU1NTVCMkExMjdFQTdCLmpwZw.jpg",
        "accessibility": "Dve pločevinki Mamina Suhih rogljičkov, okusov čokolada in med."
      },
      {
        "url": "https://imgproxy-retcat.assets.schwarz/OaFyJ2BcDud5GsKuzfUcFXLXrg1aStb18gNC8TKJ3w4/sm:1/w:427/h:320/cz/M6Ly9wcm9kLWNhd/GFsb2ctbWVkaWEvc2kvMS8zREY2M0YxNkFENTgwODlEMDg1M0I4MzY/4ODM1QTI2RjZENEIzQzQxRjM3NUE3MjJBNDdBQzQ4RDA3MkJERURCLmpwZw.jpg",
        "accessibility": "Vah Ma Wafer Rolls s čokoladnim nadevom v kovinski embalaži."
      },
      {
        "url": "https://imgproxy-retcat.assets.schwarz/SYnqvJnfcPMjp5IqGWbp4XH1ybTIYrgF1zFRje86Xk0/sm:1/w:427/h:320/cz/M6Ly9wcm9kLWNhd/GFsb2ctbWVkaWEvc2kvMS9CMTQwODk0QkRBRkRCQjhFQTk5NDgzMTM/zOTg0OTgwQjAxMzcxMjRBQ0QxMEYxOTlEMkNFM0MyNDNBMzY4NkM4LmpwZw.jpg",
        "accessibility": "Vina Mara vaflji z okusom karamele in pomaranče v pločevinki."
      }
    ],
    "analytics_category": "Food",
    "more_details": "Dodatne podrobnosti o izdelku",
    "won_category_primary": "Svetovi potreb/Hrana in bližnja hrana/Prigrizki in slaščice",
    "won_category_primary_path": "0/17/1721",
    "canonical_path": "/p/sol-mar-vafljeve-rolice/p10082381",
    "canonical_url": "/p/sol-mar-vafljeve-rolice/p10082381",
    "awards": [],
    "seals": [
      {
        "altText": "Nalepka: NOVO!",
        "image": "https://imgproxy-retcat.assets.schwarz/gW7U9oAMEinoB9aSfR-kefCuzYAnn4a_JeAvwiBZ8jM/sm:1/w:140/cz/M6Ly9wcm9kLWNhd/GFsb2ctbWVkaWEvc2kvMi8xMzJDOEE4QTc5MEM1OUI0Q0UxNUQ5OUV/GRjE1MTJBOThEN0JEOEI5NEU0MzkzRkRGQjk3Q0NCOUE5MjIxODNCLnBuZw.png"
      }
    ],
    "ribbons": [],
    "highlighted_seals": 0,
    "lidl_plus": [],
    "regions": [],
    "ians": [
      "218398"
    ],
    "show_brand": true,
    "deal_of_day_active": false,
    "full_title_meta": "SOL&MAR Vafljeve rolice",
    "lists": [
      4986
    ],
    "preview": false,
    "category_breadcrumbs": [
      {
        "id": "10068374",
        "name": "Hrana in pijača",
        "url": "/c/hrana-in-pijaca/s10068374",
        "hidden": false
      },
      {
        "id": "10071044",
        "name": "Prigrizki in sladkarije",
        "url": "/h/prigrizki-in-sladkarije/h10071044",
        "hidden": false
      }
    ],
    "campaigns": [
      {
        "id": "Current_Sales_Week",
        "name": "Ta teden",
        "url": null,
        "hidden": false
      },
      {
        "id": "10074825",
        "name": "Navdih iberksega polotoka",
        "url": "/c/navdih-iberksega-polotoka/a10074825",
        "hidden": false
      }
    ],
    "world_of_needs_code": "1721",
    "world_of_needs_name": "Prigrizki in slaščice",
    "world_of_needs_parent": "17",
    "is_main_category": true,
    "super_categories": [
      {
        "code": "17",
        "name": "Hrana in bližnja hrana",
        "parent": "0"
      },
      {
        "code": "0",
        "name": "Svetovi potreb",
        "parent": ""
      }
    ],
    "position": 397,
    "tracking_payload": {
      "searchTrackingMasterId": "Product.10082381",
      "searchTrackingTitle": "Vafljeve+rolice",
      "searchTrackingPageSize": 100,
      "searchTrackingPage": 4,
      "searchTrackingEvent": "click",
      "list": "search",
      "searchTrackingId": "Product.10082381",
      "searchTrackingOrigPos": 1,
      "searchTrackingPos": 397,
      "searchTrackingOrigPageSize": 100,
      "searchTrackingChannel": "SI",
      "category": "Food"
    }
  },
  {
    "code": "10082383",
    "name": "Španske zelene olive s koščicami",
    "url": "",
    "result_class": "product",
    "type": "product",
    "product_id": 10082383,
    "erp_number": "10082383",
    "item_id": 10082383,
    "full_title": "SOL&MAR Španske zelene olive s koščicami",
    "title": "Španske zelene olive s koščicami",
    "category": "Food",
    "product_type": "RETAIL",
    "age_restriction": false,
    "is_used_product": false,
    "multipack": false,
    "online": false,
    "store": true,
    "quick_add_to_cart": false,
    "flash_sales": false,
    "having_videos": false,
    "having_threesixty": false,
    "price": 3.99,
    "old_price": 0.0,
    "currency_code": "EUR",
    "currency_symbol": "€",
    "has_star": true,
    "has_vat": false,
    "price_theme": "white_red",
    "variants_have_different_prices": false,
    "base_price_text": "1 l = 4.01",
    "base_price_prefix": false,
    "packaging_text": "996 ml",
    "discount_deleted_price": null,
    "discount_text": null,
    "discount_percentage": null,
    "discount_has_star": null,
    "show_discount": null,
    "show_percentage": null,
    "from_recommended_price": null,
    "availability_indicator": 0,
    "online_available": false,
    "min_orderable_quantity": 1,
    "orderable_quantities": [],
    "badge_texts": [
      "V trgovini od 07.07."
    ],
    "badge_types": [
      "IN_STORE_FROM_DATE_TODAY"
    ],
    "main_image": "https://imgproxy-retcat.assets.schwarz/1_EGCdkue0bQZQ5jgYim7zaU3KvUH75MbTw6j0fXLnk/sm:1/w:427/h:320/cz/M6Ly9wcm9kLWNhd/GFsb2ctbWVkaWEvc2kvMS81NTIxQzhGOTk3QzMzN0M3NzRFRkE0MDI/xNUZDNTQ1NDJCOTczNjE2MUZEMDkwREJDNjM2MjhDNzdBODc5NjUyLmpwZw.jpg",
    "image_list": [
      "https://imgproxy-retcat.assets.schwarz/1_EGCdkue0bQZQ5jgYim7zaU3KvUH75MbTw6j0fXLnk/sm:1/w:427/h:320/cz/M6Ly9wcm9kLWNhd/GFsb2ctbWVkaWEvc2kvMS81NTIxQzhGOTk3QzMzN0M3NzRFRkE0MDI/xNUZDNTQ1NDJCOTczNjE2MUZEMDkwREJDNjM2MjhDNzdBODc5NjUyLmpwZw.jpg"
    ],
    "image_accessibility": "Kozarček vloženega zelenja, verjetno oljk, znamke Reyhan.",
    "detailed_images": [
      {
        "url": "https://imgproxy-retcat.assets.schwarz/1_EGCdkue0bQZQ5jgYim7zaU3KvUH75MbTw6j0fXLnk/sm:1/w:427/h:320/cz/M6Ly9wcm9kLWNhd/GFsb2ctbWVkaWEvc2kvMS81NTIxQzhGOTk3QzMzN0M3NzRFRkE0MDI/xNUZDNTQ1NDJCOTczNjE2MUZEMDkwREJDNjM2MjhDNzdBODc5NjUyLmpwZw.jpg",
        "accessibility": "Kozarček vloženega zelenja, verjetno oljk, znamke Reyhan."
      }
    ],
    "analytics_category": "Food",
    "more_details": "Dodatne podrobnosti o izdelku",
    "won_category_primary": "Svetovi potreb/Hrana in bližnja hrana/Maščobe, olja, kis in konzerve",
    "won_category_primary_path": "0/17/1735",
    "canonical_path": "/p/sol-mar-spanske-zelene-olive-s-koscicami/p10082383",
    "canonical_url": "/p/sol-mar-spanske-zelene-olive-s-koscicami/p10082383",
    "awards": [],
    "seals": [
      {
        "altText": "Žig: PRODUCTO ESPAÑOL",
        "image": "https://imgproxy-retcat.assets.schwarz/FTXkSRvAczDh03LfvoK84k2qVbDDcK3NGtc7HdBCEq0/sm:1/w:140/cz/M6Ly9wcm9kLWNhd/GFsb2ctbWVkaWEvc2kvMi80RjUxRENCNUZEOEVCQTcxOENBMjM2Mzg/5MkU3OTlGMTA0RTYzQUQyNTA0RTUxNDExQTdCM0Y4N0I3MjIyMTgyLnBuZw.png"
      }
    ],
    "ribbons": [],
    "highlighted_seals": 0,
    "lidl_plus": [],
    "regions": [],
    "ians": [
      "5700142"
    ],
    "show_brand": true,
    "deal_of_day_active": false,
    "full_title_meta": "SOL&MAR Španske zelene olive s koščicami",
    "lists": [
      4986
    ],
    "preview": false,
    "category_breadcrumbs": [
      {
        "id": "10068374",
        "name": "Hrana in pijača",
        "url": "/c/hrana-in-pijaca/s10068374",
        "hidden": false
      },
      {
        "id": "10071681",
        "name": "Maščobe, olja, kis in konzerve",
        "url": "/h/mascobe-olja-kis-in-konzerve/h10071681",
        "hidden": false
      }
    ],
    "campaigns": [
      {
        "id": "Current_Sales_Week",
        "name": "Ta teden",
        "url": null,
        "hidden": false
      },
      {
        "id": "10074825",
        "name": "Navdih iberksega polotoka",
        "url": "/c/navdih-iberksega-polotoka/a10074825",
        "hidden": false
      }
    ],
    "world_of_needs_code": "1735",
    "world_of_needs_name": "Maščobe, olja, kis in konzerve",
    "world_of_needs_parent": "17",
    "is_main_category": true,
    "super_categories": [
      {
        "code": "17",
        "name": "Hrana in bližnja hrana",
        "parent": "0"
      },
      {
        "code": "0",
        "name": "Svetovi potreb",
        "parent": ""
      }
    ],
    "position": 398,
    "tracking_payload": {
      "searchTrackingMasterId": "Product.10082383",
      "searchTrackingTitle": "%C5%A0panske+zelene+olive+s+ko%C5%A1%C4%8Dicami",
      "searchTrackingPageSize": 100,
      "searchTrackingPage": 4,
      "searchTrackingEvent": "click",
      "list": "search",
      "searchTrackingId": "Product.10082383",
      "searchTrackingOrigPos": 1,
      "searchTrackingPos": 398,
      "searchTrackingOrigPageSize": 100,
      "searchTrackingChannel": "SI",
      "category": "Food"
    }
  },
  {
    "code": "10082390",
    "name": "Ploščate breskve",
    "url": "",
    "result_class": "product",
    "type": "product",
    "product_id": 10082390,
    "erp_number": "10082390",
    "item_id": 10082390,
    "full_title": "Ploščate breskve",
    "title": "Ploščate breskve",
    "category": "Food",
    "product_type": "RETAIL",
    "age_restriction": false,
    "is_used_product": false,
    "multipack": false,
    "online": false,
    "store": true,
    "quick_add_to_cart": false,
    "flash_sales": false,
    "having_videos": false,
    "having_threesixty": false,
    "price": null,
    "old_price": null,
    "currency_code": "EUR",
    "currency_symbol": "€",
    "has_star": true,
    "has_vat": false,
    "price_theme": null,
    "variants_have_different_prices": false,
    "base_price_text": null,
    "base_price_prefix": null,
    "packaging_text": null,
    "discount_deleted_price": null,
    "discount_text": null,
    "discount_percentage": null,
    "discount_has_star": null,
    "show_discount": null,
    "show_percentage": null,
    "from_recommended_price": null,
    "availability_indicator": 0,
    "online_available": false,
    "min_orderable_quantity": 1,
    "orderable_quantities": [],
    "badge_texts": [
      "V trgovini od 07.07. do 09.07."
    ],
    "badge_types": [
      "IN_STORE_TODAY_DATE_RANGE"
    ],
    "main_image": "https://imgproxy-retcat.assets.schwarz/lTwAAmb6DMjri1_Blb66Ov00bX1xj54lLDadVD1fC9Y/sm:1/w:427/h:320/cz/M6Ly9wcm9kLWNhd/GFsb2ctbWVkaWEvc2kvMS81M0I4OTBDRjUyNDIxM0U3OUUwODhDMzY/2NEUwNTJGREMxQjBGQTAxQjEzRkYxM0JENDI0QTJGMkVEQ0RFQ0QyLmpwZw.jpg",
    "image_list": [
      "https://imgproxy-retcat.assets.schwarz/lTwAAmb6DMjri1_Blb66Ov00bX1xj54lLDadVD1fC9Y/sm:1/w:427/h:320/cz/M6Ly9wcm9kLWNhd/GFsb2ctbWVkaWEvc2kvMS81M0I4OTBDRjUyNDIxM0U3OUUwODhDMzY/2NEUwNTJGREMxQjBGQTAxQjEzRkYxM0JENDI0QTJGMkVEQ0RFQ0QyLmpwZw.jpg"
    ],
    "image_accessibility": "Košara s svežimi breskvami.",
    "detailed_images": [
      {
        "url": "https://imgproxy-retcat.assets.schwarz/lTwAAmb6DMjri1_Blb66Ov00bX1xj54lLDadVD1fC9Y/sm:1/w:427/h:320/cz/M6Ly9wcm9kLWNhd/GFsb2ctbWVkaWEvc2kvMS81M0I4OTBDRjUyNDIxM0U3OUUwODhDMzY/2NEUwNTJGREMxQjBGQTAxQjEzRkYxM0JENDI0QTJGMkVEQ0RFQ0QyLmpwZw.jpg",
        "accessibility": "Košara s svežimi breskvami."
      }
    ],
    "analytics_category": "Food",
    "more_details": "Dodatne podrobnosti o izdelku",
    "won_category_primary": "Svetovi potreb/Hrana in bližnja hrana/Sadje in zelenjava",
    "won_category_primary_path": "0/17/1710",
    "canonical_path": "/p/ploscate-breskve/p10082390",
    "canonical_url": "/p/ploscate-breskve/p10082390",
    "awards": [],
    "seals": [
      {
        "altText": "Logotip Lidl Plus",
        "image": "https://imgproxy-retcat.assets.schwarz/DjNLhjIEpHeUFO-WYf3wploAS16YAf6tVgt5EMshyFs/sm:1/w:140/cz/M6Ly9wcm9kLWNhd/GFsb2ctbWVkaWEvc2kvMi9BMEU2QkJCNEZCQTZENzlEQ0MzRDRFOEM/2REREODBCRjMwQUNFQjJBMDBGREI4RjI1M0Y3MDYzOTFFMTg3RUVGLnBuZw.png"
      }
    ],
    "ribbons": [],
    "highlighted_seals": 0,
    "lidl_plus": [
      {
        "price": {
          "basePrice": {
            "prefix": false,
            "text": "1 kg = 2.38"
          },
          "discount": {
            "deletedPrice": 1.99,
            "discountHasStar": false,
            "discountText": "- 40 %",
            "fromRecommendedPrice": false,
            "showDiscount": true,
            "showFrom": false,
            "showPercentage": true,
            "showUpTo": false
          },
          "displayedCurrency": "€",
          "hasStar": true,
          "hasVat": false,
          "oldPrice": 1.99,
          "packaging": {
            "text": "500 g"
          },
          "price": 1.19,
          "priceTheme": "red_yellow",
          "specialTaxes": []
        },
        "lidlPlusText": "z Lidl Plus",
        "highlightText": "- 40 %"
      }
    ],
    "regions": [],
    "ians": [
      "80446"
    ],
    "show_brand": false,
    "deal_of_day_active": false,
    "full_title_meta": "Ploščate breskve",
    "lists": [
      4986
    ],
    "preview": false,
    "category_breadcrumbs": [
      {
        "id": "10068374",
        "name": "Hrana in pijača",
        "url": "/c/hrana-in-pijaca/s10068374",
        "hidden": false
      },
      {
        "id": "10071012",
        "name": "Sadje in zelenjava",
        "url": "/h/sadje-in-zelenjava/h10071012",
        "hidden": false
      }
    ],
    "campaigns": [
      {
        "id": "Current_Sales_Week",
        "name": "Ta teden",
        "url": null,
        "hidden": false
      },
      {
        "id": "10024188",
        "name": "Lidl Plus",
        "url": "/c/lidl-plus/a10024188",
        "hidden": false
      }
    ],
    "world_of_needs_code": "1710",
    "world_of_needs_name": "Sadje in zelenjava",
    "world_of_needs_parent": "17",
    "is_main_category": true,
    "super_categories": [
      {
        "code": "17",
        "name": "Hrana in bližnja hrana",
        "parent": "0"
      },
      {
        "code": "0",
        "name": "Svetovi potreb",
        "parent": ""
      }
    ],
    "position": 399,
    "tracking_payload": {
      "searchTrackingMasterId": "Product.10082390",
      "searchTrackingTitle": "Plo%C5%A1%C4%8Date+breskve",
      "searchTrackingPageSize": 100,
      "searchTrackingPage": 4,
      "searchTrackingEvent": "click",
      "list": "search",
      "searchTrackingId": "Product.10082390",
      "searchTrackingOrigPos": 1,
      "searchTrackingPos": 399,
      "searchTrackingOrigPageSize": 100,
      "searchTrackingChannel": "SI",
      "category": "Food"
    }
  },
  {
    "code": "10082396",
    "name": "Mini poletna cvetoča lončnica",
    "url": "",
    "result_class": "product",
    "type": "product",
    "product_id": 10082396,
    "erp_number": "10082396",
    "item_id": 10082396,
    "full_title": "Mini poletna cvetoča lončnica",
    "title": "Mini poletna cvetoča lončnica",
    "category": "Food",
    "product_type": "RETAIL",
    "age_restriction": false,
    "is_used_product": false,
    "multipack": false,
    "online": false,
    "store": true,
    "quick_add_to_cart": false,
    "flash_sales": false,
    "having_videos": false,
    "having_threesixty": false,
    "price": 1.99,
    "old_price": 0.0,
    "currency_code": "EUR",
    "currency_symbol": "€",
    "has_star": true,
    "has_vat": false,
    "price_theme": "white_red",
    "variants_have_different_prices": false,
    "base_price_text": null,
    "base_price_prefix": null,
    "packaging_text": "kos",
    "discount_deleted_price": null,
    "discount_text": "ZGRABITE PRILOŽNOST!",
    "discount_percentage": null,
    "discount_has_star": false,
    "show_discount": false,
    "show_percentage": false,
    "from_recommended_price": false,
    "availability_indicator": 0,
    "online_available": false,
    "min_orderable_quantity": 1,
    "orderable_quantities": [],
    "badge_texts": [
      "V trgovini od 07.07."
    ],
    "badge_types": [
      "IN_STORE_FROM_DATE_TODAY"
    ],
    "main_image": "https://imgproxy-retcat.assets.schwarz/8CqgKzVw7aPuTktpu9AyS9i-tVD8KqA-a9v14lveIw4/sm:1/w:427/h:320/cz/M6Ly9wcm9kLWNhd/GFsb2ctbWVkaWEvc2kvMS81RkY2RUIyQjIxNTMzQ0U2MzNFQTNERDQ/xODU5QTY2RjU0MjZERTJEQjRCQjNCQjUzRjY0NDFCNkQ5MjBDQTUzLmpwZw.jpg",
    "image_list": [
      "https://imgproxy-retcat.assets.schwarz/8CqgKzVw7aPuTktpu9AyS9i-tVD8KqA-a9v14lveIw4/sm:1/w:427/h:320/cz/M6Ly9wcm9kLWNhd/GFsb2ctbWVkaWEvc2kvMS81RkY2RUIyQjIxNTMzQ0U2MzNFQTNERDQ/xODU5QTY2RjU0MjZERTJEQjRCQjNCQjUzRjY0NDFCNkQ5MjBDQTUzLmpwZw.jpg",
      "https://imgproxy-retcat.assets.schwarz/fMoRF-chUNK-Hpx-dXjxnmJ9hIy627jbEd55024L7gw/sm:1/w:427/h:320/cz/M6Ly9wcm9kLWNhd/GFsb2ctbWVkaWEvc2kvMS8yRUUwOUE2MzVBMUM0MDNFN0VDOEUxRjQ/yQjg2NUMzMDJDNkEzMUY0RjRERjJCMjk0Mzg5NUQzNzI3MjE0QzdGLmpwZw.jpg",
      "https://imgproxy-retcat.assets.schwarz/BvJXO7BxzfY2ERcThI5MJrp7lgZ0w2twQMzen7BDopg/sm:1/w:427/h:320/cz/M6Ly9wcm9kLWNhd/GFsb2ctbWVkaWEvc2kvMS8wRTdEOEZFQ0MwN0Y3QzRGQjJBNkYzNEM/zNjg5RDlEQ0I3NkMxNkQ1RTIwMEYwOTYzN0VCRjNBNEFFODFFREZBLmpwZw.jpg"
    ],
    "image_accessibility": "Štirje lončki kalanhoe različnih barv.",
    "detailed_images": [
      {
        "url": "https://imgproxy-retcat.assets.schwarz/8CqgKzVw7aPuTktpu9AyS9i-tVD8KqA-a9v14lveIw4/sm:1/w:427/h:320/cz/M6Ly9wcm9kLWNhd/GFsb2ctbWVkaWEvc2kvMS81RkY2RUIyQjIxNTMzQ0U2MzNFQTNERDQ/xODU5QTY2RjU0MjZERTJEQjRCQjNCQjUzRjY0NDFCNkQ5MjBDQTUzLmpwZw.jpg",
        "accessibility": "Štirje lončki kalanhoe različnih barv."
      },
      {
        "url": "https://imgproxy-retcat.assets.schwarz/fMoRF-chUNK-Hpx-dXjxnmJ9hIy627jbEd55024L7gw/sm:1/w:427/h:320/cz/M6Ly9wcm9kLWNhd/GFsb2ctbWVkaWEvc2kvMS8yRUUwOUE2MzVBMUM0MDNFN0VDOEUxRjQ/yQjg2NUMzMDJDNkEzMUY0RjRERjJCMjk0Mzg5NUQzNzI3MjE0QzdGLmpwZw.jpg",
        "accessibility": "Rožnati kalanhoje v lončku."
      },
      {
        "url": "https://imgproxy-retcat.assets.schwarz/BvJXO7BxzfY2ERcThI5MJrp7lgZ0w2twQMzen7BDopg/sm:1/w:427/h:320/cz/M6Ly9wcm9kLWNhd/GFsb2ctbWVkaWEvc2kvMS8wRTdEOEZFQ0MwN0Y3QzRGQjJBNkYzNEM/zNjg5RDlEQ0I3NkMxNkQ1RTIwMEYwOTYzN0VCRjNBNEFFODFFREZBLmpwZw.jpg",
        "accessibility": "Rožnati kalanhoje v lončku."
      }
    ],
    "analytics_category": "Food",
    "more_details": "Dodatne podrobnosti o izdelku",
    "won_category_primary": "Svetovi potreb/Hrana in bližnja hrana/Cvetje & Rastline (Žive rastline in šopki)",
    "won_category_primary_path": "0/17/1732",
    "canonical_path": "/p/mini-poletna-cvetoca-loncnica/p10082396",
    "canonical_url": "/p/mini-poletna-cvetoca-loncnica/p10082396",
    "awards": [],
    "seals": [],
    "ribbons": [],
    "highlighted_seals": 0,
    "lidl_plus": [],
    "regions": [],
    "ians": [
      "175834"
    ],
    "show_brand": false,
    "deal_of_day_active": false,
    "full_title_meta": "Mini poletna cvetoča lončnica",
    "lists": [
      4986
    ],
    "preview": false,
    "category_breadcrumbs": [
      {
        "id": "10068374",
        "name": "Hrana in pijača",
        "url": "/c/hrana-in-pijaca/s10068374",
        "hidden": false
      },
      {
        "id": "10071024",
        "name": "Rože in rastline",
        "url": "/h/roze-in-rastline/h10071024",
        "hidden": false
      }
    ],
    "campaigns": [
      {
        "id": "10025105",
        "name": "Cvetličarna",
        "url": "/c/cvetlicarna/a10025105",
        "hidden": false
      }
    ],
    "world_of_needs_code": "1732",
    "world_of_needs_name": "Cvetje & Rastline (Žive rastline in šopki)",
    "world_of_needs_parent": "17",
    "is_main_category": true,
    "super_categories": [
      {
        "code": "17",
        "name": "Hrana in bližnja hrana",
        "parent": "0"
      },
      {
        "code": "0",
        "name": "Svetovi potreb",
        "parent": ""
      }
    ],
    "position": 400,
    "tracking_payload": {
      "searchTrackingMasterId": "Product.10082396",
      "searchTrackingTitle": "Mini+poletna+cveto%C4%8Da+lon%C4%8Dnica",
      "searchTrackingPageSize": 100,
      "searchTrackingPage": 4,
      "searchTrackingEvent": "click",
      "list": "search",
      "searchTrackingId": "Product.10082396",
      "searchTrackingOrigPos": 1,
      "searchTrackingPos": 400,
      "searchTrackingOrigPageSize": 100,
      "searchTrackingChannel": "SI",
      "category": "Food"
    }
  },
  {
    "code": "10082397",
    "name": "Poletna krizantema",
    "url": "",
    "result_class": "product",
    "type": "product",
    "product_id": 10082397,
    "erp_number": "10082397",
    "item_id": 10082397,
    "full_title": "Poletna krizantema",
    "title": "Poletna krizantema",
    "category": "Food",
    "product_type": "RETAIL",
    "age_restriction": false,
    "is_used_product": false,
    "multipack": false,
    "online": false,
    "store": true,
    "quick_add_to_cart": false,
    "flash_sales": false,
    "having_videos": false,
    "having_threesixty": false,
    "price": 3.49,
    "old_price": 0.0,
    "currency_code": "EUR",
    "currency_symbol": "€",
    "has_star": true,
    "has_vat": false,
    "price_theme": "white_red",
    "variants_have_different_prices": false,
    "base_price_text": null,
    "base_price_prefix": null,
    "packaging_text": "kos",
    "discount_deleted_price": null,
    "discount_text": "ZGRABITE PRILOŽNOST!",
    "discount_percentage": null,
    "discount_has_star": false,
    "show_discount": false,
    "show_percentage": false,
    "from_recommended_price": false,
    "availability_indicator": 0,
    "online_available": false,
    "min_orderable_quantity": 1,
    "orderable_quantities": [],
    "badge_texts": [
      "V trgovini od 07.07."
    ],
    "badge_types": [
      "IN_STORE_FROM_DATE_TODAY"
    ],
    "main_image": "https://imgproxy-retcat.assets.schwarz/ynwTdPltia7MCkXoAVWBiNyT7EqrrsB67bNGcKAjX2I/sm:1/w:427/h:320/cz/M6Ly9wcm9kLWNhd/GFsb2ctbWVkaWEvc2kvMS8zRTM2OUYxMkQxOUE4N0REMEJBRTFGMUU/2Qjk2NjYwOTJDMDRDRTVGQTREQjQ1QTEwOUU3ODYxQ0QyNzE3QTA3LmpwZw.jpg",
    "image_list": [
      "https://imgproxy-retcat.assets.schwarz/ynwTdPltia7MCkXoAVWBiNyT7EqrrsB67bNGcKAjX2I/sm:1/w:427/h:320/cz/M6Ly9wcm9kLWNhd/GFsb2ctbWVkaWEvc2kvMS8zRTM2OUYxMkQxOUE4N0REMEJBRTFGMUU/2Qjk2NjYwOTJDMDRDRTVGQTREQjQ1QTEwOUU3ODYxQ0QyNzE3QTA3LmpwZw.jpg",
      "https://imgproxy-retcat.assets.schwarz/QoPdvuoQh-oLViEb00NUVo8nYPQVlhnWOxDnAK-E_Zg/sm:1/w:427/h:320/cz/M6Ly9wcm9kLWNhd/GFsb2ctbWVkaWEvc2kvMS9EMTUyNTdGRkI5MDUzNTY2NTkwMzAyOTI/5NzQ4RTFCMTM5RkEwRDVCRkU0NjNCNEY1NzQzM0Q2QkMwRkRCQ0E3LmpwZw.jpg",
      "https://imgproxy-retcat.assets.schwarz/vruelafqOuMnPHymhhozKYavaiGJxHnrnD1ZE83FYIc/sm:1/w:427/h:320/cz/M6Ly9wcm9kLWNhd/GFsb2ctbWVkaWEvc2kvMS8zMzJEOTI0RUJBRkY4NUNFREZFRTY5QTE/0RTY1MkYyMUZEOTJENzFEOTE1ODM4QkEyNEMzQUY1ODE1NTY3RUQ4LmpwZw.jpg"
    ],
    "image_accessibility": "Dva lončka z jesenskimi krizantemami v rožnati in rumeni barvi.",
    "detailed_images": [
      {
        "url": "https://imgproxy-retcat.assets.schwarz/ynwTdPltia7MCkXoAVWBiNyT7EqrrsB67bNGcKAjX2I/sm:1/w:427/h:320/cz/M6Ly9wcm9kLWNhd/GFsb2ctbWVkaWEvc2kvMS8zRTM2OUYxMkQxOUE4N0REMEJBRTFGMUU/2Qjk2NjYwOTJDMDRDRTVGQTREQjQ1QTEwOUU3ODYxQ0QyNzE3QTA3LmpwZw.jpg",
        "accessibility": "Dva lončka z jesenskimi krizantemami v rožnati in rumeni barvi."
      },
      {
        "url": "https://imgproxy-retcat.assets.schwarz/QoPdvuoQh-oLViEb00NUVo8nYPQVlhnWOxDnAK-E_Zg/sm:1/w:427/h:320/cz/M6Ly9wcm9kLWNhd/GFsb2ctbWVkaWEvc2kvMS9EMTUyNTdGRkI5MDUzNTY2NTkwMzAyOTI/5NzQ4RTFCMTM5RkEwRDVCRkU0NjNCNEY1NzQzM0Q2QkMwRkRCQ0E3LmpwZw.jpg",
        "accessibility": "Rožnati krizanteme v terakota lončku."
      },
      {
        "url": "https://imgproxy-retcat.assets.schwarz/vruelafqOuMnPHymhhozKYavaiGJxHnrnD1ZE83FYIc/sm:1/w:427/h:320/cz/M6Ly9wcm9kLWNhd/GFsb2ctbWVkaWEvc2kvMS8zMzJEOTI0RUJBRkY4NUNFREZFRTY5QTE/0RTY1MkYyMUZEOTJENzFEOTE1ODM4QkEyNEMzQUY1ODE1NTY3RUQ4LmpwZw.jpg",
        "accessibility": "Lonec s kremnimi krizantemami."
      }
    ],
    "analytics_category": "Food",
    "more_details": "Dodatne podrobnosti o izdelku",
    "won_category_primary": "Svetovi potreb/Hrana in bližnja hrana/Cvetje & Rastline (Žive rastline in šopki)",
    "won_category_primary_path": "0/17/1732",
    "canonical_path": "/p/poletna-krizantema/p10082397",
    "canonical_url": "/p/poletna-krizantema/p10082397",
    "awards": [],
    "seals": [],
    "ribbons": [],
    "highlighted_seals": 0,
    "lidl_plus": [],
    "regions": [],
    "ians": [
      "151700"
    ],
    "show_brand": false,
    "deal_of_day_active": false,
    "full_title_meta": "Poletna krizantema",
    "lists": [
      4986
    ],
    "preview": false,
    "category_breadcrumbs": [
      {
        "id": "10068374",
        "name": "Hrana in pijača",
        "url": "/c/hrana-in-pijaca/s10068374",
        "hidden": false
      },
      {
        "id": "10071024",
        "name": "Rože in rastline",
        "url": "/h/roze-in-rastline/h10071024",
        "hidden": false
      }
    ],
    "campaigns": [
      {
        "id": "10025105",
        "name": "Cvetličarna",
        "url": "/c/cvetlicarna/a10025105",
        "hidden": false
      }
    ],
    "world_of_needs_code": "1732",
    "world_of_needs_name": "Cvetje & Rastline (Žive rastline in šopki)",
    "world_of_needs_parent": "17",
    "is_main_category": true,
    "super_categories": [
      {
        "code": "17",
        "name": "Hrana in bližnja hrana",
        "parent": "0"
      },
      {
        "code": "0",
        "name": "Svetovi potreb",
        "parent": ""
      }
    ],
    "position": 401,
    "tracking_payload": {
      "searchTrackingMasterId": "Product.10082397",
      "searchTrackingTitle": "Poletna+krizantema",
      "searchTrackingPageSize": 100,
      "searchTrackingPage": 5,
      "searchTrackingEvent": "click",
      "list": "search",
      "searchTrackingId": "Product.10082397",
      "searchTrackingOrigPos": 1,
      "searchTrackingPos": 401,
      "searchTrackingOrigPageSize": 100,
      "searchTrackingChannel": "SI",
      "category": "Food"
    }
  },
  {
    "code": "10082398",
    "name": "Hibiskus",
    "url": "",
    "result_class": "product",
    "type": "product",
    "product_id": 10082398,
    "erp_number": "10082398",
    "item_id": 10082398,
    "full_title": "Hibiskus",
    "title": "Hibiskus",
    "category": "Food",
    "product_type": "RETAIL",
    "age_restriction": false,
    "is_used_product": false,
    "multipack": false,
    "online": false,
    "store": true,
    "quick_add_to_cart": false,
    "flash_sales": false,
    "having_videos": false,
    "having_threesixty": false,
    "price": 5.99,
    "old_price": 0.0,
    "currency_code": "EUR",
    "currency_symbol": "€",
    "has_star": true,
    "has_vat": false,
    "price_theme": "white_red",
    "variants_have_different_prices": false,
    "base_price_text": null,
    "base_price_prefix": null,
    "packaging_text": "kos",
    "discount_deleted_price": null,
    "discount_text": "ZGRABITE PRILOŽNOST!",
    "discount_percentage": null,
    "discount_has_star": false,
    "show_discount": false,
    "show_percentage": false,
    "from_recommended_price": false,
    "availability_indicator": 0,
    "online_available": false,
    "min_orderable_quantity": 1,
    "orderable_quantities": [],
    "badge_texts": [
      "V trgovini od 07.07."
    ],
    "badge_types": [
      "IN_STORE_FROM_DATE_TODAY"
    ],
    "main_image": "https://imgproxy-retcat.assets.schwarz/Bj82-b0IHVPkv0JhPv0sM5qCyJNEVkuPWcSHWTesOS0/sm:1/w:427/h:320/cz/M6Ly9wcm9kLWNhd/GFsb2ctbWVkaWEvc2kvMS8xRUZCQjExNzQ4OEU2MEQwMUM0NjJDRTF/BQUQ0NjhBQTlDMTg5QTJDOEYzRTkyMEZCMTU0QkNEQTREQzFEODdCLmpwZw.jpg",
    "image_list": [
      "https://imgproxy-retcat.assets.schwarz/Bj82-b0IHVPkv0JhPv0sM5qCyJNEVkuPWcSHWTesOS0/sm:1/w:427/h:320/cz/M6Ly9wcm9kLWNhd/GFsb2ctbWVkaWEvc2kvMS8xRUZCQjExNzQ4OEU2MEQwMUM0NjJDRTF/BQUQ0NjhBQTlDMTg5QTJDOEYzRTkyMEZCMTU0QkNEQTREQzFEODdCLmpwZw.jpg",
      "https://imgproxy-retcat.assets.schwarz/YvUi44uB9em4Vw-OYnpNFIeRZEnxbgdMB7zWmk7yOOM/sm:1/w:427/h:320/cz/M6Ly9wcm9kLWNhd/GFsb2ctbWVkaWEvc2kvMS81QURGMzAxODQxMjRCNDU4QkRCNEJDRTN/ERjYyNzhGQjI1NjM1NDExNEI2QTRBNTc0RjE3OTRDQzhDMDJCNTExLmpwZw.jpg",
      "https://imgproxy-retcat.assets.schwarz/iAkFImfdggDsOyfAdEf55NwYJF2h5SOC-qdDtBnz_4E/sm:1/w:427/h:320/cz/M6Ly9wcm9kLWNhd/GFsb2ctbWVkaWEvc2kvMS9DN0U3RUVBMDlDOENGRjM3NzA0QTYyMTc/zMDgxMERCRUQ3NjU4MjkwMjkwMjIzMDU0OUZDNDIwOENFNTcwRUUwLmpwZw.jpg"
    ],
    "image_accessibility": "Dva lončka z hibiskusom v različnih barvah.",
    "detailed_images": [
      {
        "url": "https://imgproxy-retcat.assets.schwarz/Bj82-b0IHVPkv0JhPv0sM5qCyJNEVkuPWcSHWTesOS0/sm:1/w:427/h:320/cz/M6Ly9wcm9kLWNhd/GFsb2ctbWVkaWEvc2kvMS8xRUZCQjExNzQ4OEU2MEQwMUM0NjJDRTF/BQUQ0NjhBQTlDMTg5QTJDOEYzRTkyMEZCMTU0QkNEQTREQzFEODdCLmpwZw.jpg",
        "accessibility": "Dva lončka z hibiskusom v različnih barvah."
      },
      {
        "url": "https://imgproxy-retcat.assets.schwarz/YvUi44uB9em4Vw-OYnpNFIeRZEnxbgdMB7zWmk7yOOM/sm:1/w:427/h:320/cz/M6Ly9wcm9kLWNhd/GFsb2ctbWVkaWEvc2kvMS81QURGMzAxODQxMjRCNDU4QkRCNEJDRTN/ERjYyNzhGQjI1NjM1NDExNEI2QTRBNTc0RjE3OTRDQzhDMDJCNTExLmpwZw.jpg",
        "accessibility": "Hibiskus v loncu."
      },
      {
        "url": "https://imgproxy-retcat.assets.schwarz/iAkFImfdggDsOyfAdEf55NwYJF2h5SOC-qdDtBnz_4E/sm:1/w:427/h:320/cz/M6Ly9wcm9kLWNhd/GFsb2ctbWVkaWEvc2kvMS9DN0U3RUVBMDlDOENGRjM3NzA0QTYyMTc/zMDgxMERCRUQ3NjU4MjkwMjkwMjIzMDU0OUZDNDIwOENFNTcwRUUwLmpwZw.jpg",
        "accessibility": "Rožnati hibiskus v loncu."
      }
    ],
    "analytics_category": "Food",
    "more_details": "Dodatne podrobnosti o izdelku",
    "won_category_primary": "Svetovi potreb/Hrana in bližnja hrana/Sadje in zelenjava",
    "won_category_primary_path": "0/17/1710",
    "canonical_path": "/p/hibiskus/p10082398",
    "canonical_url": "/p/hibiskus/p10082398",
    "awards": [],
    "seals": [],
    "ribbons": [],
    "highlighted_seals": 0,
    "lidl_plus": [],
    "regions": [],
    "ians": [
      "51214"
    ],
    "show_brand": false,
    "deal_of_day_active": false,
    "full_title_meta": "Hibiskus",
    "lists": [
      4986
    ],
    "preview": false,
    "category_breadcrumbs": [
      {
        "id": "10068374",
        "name": "Hrana in pijača",
        "url": "/c/hrana-in-pijaca/s10068374",
        "hidden": false
      },
      {
        "id": "10071012",
        "name": "Sadje in zelenjava",
        "url": "/h/sadje-in-zelenjava/h10071012",
        "hidden": false
      }
    ],
    "campaigns": [
      {
        "id": "10025105",
        "name": "Cvetličarna",
        "url": "/c/cvetlicarna/a10025105",
        "hidden": false
      }
    ],
    "world_of_needs_code": "1710",
    "world_of_needs_name": "Sadje in zelenjava",
    "world_of_needs_parent": "17",
    "is_main_category": true,
    "super_categories": [
      {
        "code": "17",
        "name": "Hrana in bližnja hrana",
        "parent": "0"
      },
      {
        "code": "0",
        "name": "Svetovi potreb",
        "parent": ""
      }
    ],
    "position": 402,
    "tracking_payload": {
      "searchTrackingMasterId": "Product.10082398",
      "searchTrackingTitle": "Hibiskus",
      "searchTrackingPageSize": 100,
      "searchTrackingPage": 5,
      "searchTrackingEvent": "click",
      "list": "search",
      "searchTrackingId": "Product.10082398",
      "searchTrackingOrigPos": 1,
      "searchTrackingPos": 402,
      "searchTrackingOrigPageSize": 100,
      "searchTrackingChannel": "SI",
      "category": "Food"
    }
  },
  {
    "code": "10082407",
    "name": "Brihtna glavca-fizika 8",
    "url": "",
    "result_class": "product",
    "type": "product",
    "product_id": 10082407,
    "erp_number": "10082407",
    "item_id": 10082407,
    "full_title": "MLADINSKA KNJIGA Brihtna glavca-fizika 8",
    "title": "Brihtna glavca-fizika 8",
    "category": "Food",
    "product_type": "RETAIL",
    "age_restriction": false,
    "is_used_product": false,
    "multipack": false,
    "online": false,
    "store": true,
    "quick_add_to_cart": false,
    "flash_sales": false,
    "having_videos": false,
    "having_threesixty": false,
    "price": 9.99,
    "old_price": 0.0,
    "currency_code": "EUR",
    "currency_symbol": "€",
    "has_star": true,
    "has_vat": false,
    "price_theme": "white_red",
    "variants_have_different_prices": false,
    "base_price_text": null,
    "base_price_prefix": null,
    "packaging_text": "kos",
    "discount_deleted_price": null,
    "discount_text": "ZGRABITE PRILOŽNOST!",
    "discount_percentage": null,
    "discount_has_star": false,
    "show_discount": false,
    "show_percentage": false,
    "from_recommended_price": false,
    "availability_indicator": 0,
    "online_available": false,
    "min_orderable_quantity": 1,
    "orderable_quantities": [],
    "badge_texts": [
      "V trgovini od 07.07."
    ],
    "badge_types": [
      "IN_STORE_FROM_DATE_TODAY"
    ],
    "main_image": "https://imgproxy-retcat.assets.schwarz/1QxBIHa5q9sUgNveW_DHbvIVUv8rUkoRr-IRqGooDww/sm:1/w:427/h:320/cz/M6Ly9wcm9kLWNhd/GFsb2ctbWVkaWEvc2kvMS9GQjkwOURDRTc2QThBODQ1NUU1RjM0NTZ/BNERFMDA4MzZDREM1MDU4ODFBRjI2QkJBQjM2NEFBQjZBRjA2MDU2LmpwZw.jpg",
    "image_list": [
      "https://imgproxy-retcat.assets.schwarz/1QxBIHa5q9sUgNveW_DHbvIVUv8rUkoRr-IRqGooDww/sm:1/w:427/h:320/cz/M6Ly9wcm9kLWNhd/GFsb2ctbWVkaWEvc2kvMS9GQjkwOURDRTc2QThBODQ1NUU1RjM0NTZ/BNERFMDA4MzZDREM1MDU4ODFBRjI2QkJBQjM2NEFBQjZBRjA2MDU2LmpwZw.jpg"
    ],
    "image_accessibility": "Učbenik fizike za osnovno šolo.",
    "detailed_images": [
      {
        "url": "https://imgproxy-retcat.assets.schwarz/1QxBIHa5q9sUgNveW_DHbvIVUv8rUkoRr-IRqGooDww/sm:1/w:427/h:320/cz/M6Ly9wcm9kLWNhd/GFsb2ctbWVkaWEvc2kvMS9GQjkwOURDRTc2QThBODQ1NUU1RjM0NTZ/BNERFMDA4MzZDREM1MDU4ODFBRjI2QkJBQjM2NEFBQjZBRjA2MDU2LmpwZw.jpg",
        "accessibility": "Učbenik fizike za osnovno šolo."
      }
    ],
    "analytics_category": "Food",
    "more_details": "Dodatne podrobnosti o izdelku",
    "won_category_primary": "Svetovi potreb/Hrana in bližnja hrana/Drogerija - higiena, otroška hrana, kozmetika, čistila",
    "won_category_primary_path": "0/17/1723",
    "canonical_path": "/p/mladinska-knjiga-brihtna-glavca-fizika-8/p10082407",
    "canonical_url": "/p/mladinska-knjiga-brihtna-glavca-fizika-8/p10082407",
    "awards": [],
    "seals": [],
    "ribbons": [],
    "highlighted_seals": 0,
    "lidl_plus": [],
    "regions": [],
    "ians": [
      "536738"
    ],
    "show_brand": true,
    "deal_of_day_active": false,
    "full_title_meta": "MLADINSKA KNJIGA Brihtna glavca-fizika 8",
    "lists": [
      4990
    ],
    "preview": false,
    "category_breadcrumbs": [
      {
        "id": "10068374",
        "name": "Hrana in pijača",
        "url": "/c/hrana-in-pijaca/s10068374",
        "hidden": false
      },
      {
        "id": "10071019",
        "name": "Osebna nega",
        "url": "/h/osebna-nega/h10071019",
        "hidden": false
      }
    ],
    "campaigns": [
      {
        "id": "10024386",
        "name": "Knjižna polica",
        "url": "/c/knjizna-polica/a10024386",
        "hidden": false
      }
    ],
    "world_of_needs_code": "1723",
    "world_of_needs_name": "Drogerija - higiena, otroška hrana, kozmetika, čistila",
    "world_of_needs_parent": "17",
    "is_main_category": true,
    "super_categories": [
      {
        "code": "17",
        "name": "Hrana in bližnja hrana",
        "parent": "0"
      },
      {
        "code": "0",
        "name": "Svetovi potreb",
        "parent": ""
      }
    ],
    "position": 403,
    "tracking_payload": {
      "searchTrackingMasterId": "Product.10082407",
      "searchTrackingTitle": "Brihtna+glavca-fizika+8",
      "searchTrackingPageSize": 100,
      "searchTrackingPage": 5,
      "searchTrackingEvent": "click",
      "list": "search",
      "searchTrackingId": "Product.10082407",
      "searchTrackingOrigPos": 1,
      "searchTrackingPos": 403,
      "searchTrackingOrigPageSize": 100,
      "searchTrackingChannel": "SI",
      "category": "Food"
    }
  },
  {
    "code": "10082408",
    "name": "Brihtna glavca-fizika 9",
    "url": "",
    "result_class": "product",
    "type": "product",
    "product_id": 10082408,
    "erp_number": "10082408",
    "item_id": 10082408,
    "full_title": "MLADINSKA KNJIGA Brihtna glavca-fizika 9",
    "title": "Brihtna glavca-fizika 9",
    "category": "Food",
    "product_type": "RETAIL",
    "age_restriction": false,
    "is_used_product": false,
    "multipack": false,
    "online": false,
    "store": true,
    "quick_add_to_cart": false,
    "flash_sales": false,
    "having_videos": false,
    "having_threesixty": false,
    "price": 9.99,
    "old_price": 0.0,
    "currency_code": "EUR",
    "currency_symbol": "€",
    "has_star": true,
    "has_vat": false,
    "price_theme": "white_red",
    "variants_have_different_prices": false,
    "base_price_text": null,
    "base_price_prefix": null,
    "packaging_text": "kos",
    "discount_deleted_price": null,
    "discount_text": "ZGRABITE PRILOŽNOST!",
    "discount_percentage": null,
    "discount_has_star": false,
    "show_discount": false,
    "show_percentage": false,
    "from_recommended_price": false,
    "availability_indicator": 0,
    "online_available": false,
    "min_orderable_quantity": 1,
    "orderable_quantities": [],
    "badge_texts": [
      "V trgovini od 07.07."
    ],
    "badge_types": [
      "IN_STORE_FROM_DATE_TODAY"
    ],
    "main_image": "https://imgproxy-retcat.assets.schwarz/cfj8kEa5hKk7WPxkP6zCvrNCh9LXJ38mSwUnTH2MaT0/sm:1/w:427/h:320/cz/M6Ly9wcm9kLWNhd/GFsb2ctbWVkaWEvc2kvMS83QjcwRkYzNzJFMjI0QzY3ODA0QzZEM0Q/yRkNFNDJBNUMxRkU1OEM5NkYxQTYxMjY3QTFDQkI3OTdCMDE1OEY2LmpwZw.jpg",
    "image_list": [
      "https://imgproxy-retcat.assets.schwarz/cfj8kEa5hKk7WPxkP6zCvrNCh9LXJ38mSwUnTH2MaT0/sm:1/w:427/h:320/cz/M6Ly9wcm9kLWNhd/GFsb2ctbWVkaWEvc2kvMS83QjcwRkYzNzJFMjI0QzY3ODA0QzZEM0Q/yRkNFNDJBNUMxRkU1OEM5NkYxQTYxMjY3QTFDQkI3OTdCMDE1OEY2LmpwZw.jpg"
    ],
    "image_accessibility": "Učbenik fizike za osnovno šolo.",
    "detailed_images": [
      {
        "url": "https://imgproxy-retcat.assets.schwarz/cfj8kEa5hKk7WPxkP6zCvrNCh9LXJ38mSwUnTH2MaT0/sm:1/w:427/h:320/cz/M6Ly9wcm9kLWNhd/GFsb2ctbWVkaWEvc2kvMS83QjcwRkYzNzJFMjI0QzY3ODA0QzZEM0Q/yRkNFNDJBNUMxRkU1OEM5NkYxQTYxMjY3QTFDQkI3OTdCMDE1OEY2LmpwZw.jpg",
        "accessibility": "Učbenik fizike za osnovno šolo."
      }
    ],
    "analytics_category": "Food",
    "more_details": "Dodatne podrobnosti o izdelku",
    "won_category_primary": "Svetovi potreb/Hrana in bližnja hrana/Drogerija - higiena, otroška hrana, kozmetika, čistila",
    "won_category_primary_path": "0/17/1723",
    "canonical_path": "/p/mladinska-knjiga-brihtna-glavca-fizika-9/p10082408",
    "canonical_url": "/p/mladinska-knjiga-brihtna-glavca-fizika-9/p10082408",
    "awards": [],
    "seals": [],
    "ribbons": [],
    "highlighted_seals": 0,
    "lidl_plus": [],
    "regions": [],
    "ians": [
      "536738"
    ],
    "show_brand": true,
    "deal_of_day_active": false,
    "full_title_meta": "MLADINSKA KNJIGA Brihtna glavca-fizika 9",
    "lists": [
      4990
    ],
    "preview": false,
    "category_breadcrumbs": [
      {
        "id": "10068374",
        "name": "Hrana in pijača",
        "url": "/c/hrana-in-pijaca/s10068374",
        "hidden": false
      },
      {
        "id": "10071019",
        "name": "Osebna nega",
        "url": "/h/osebna-nega/h10071019",
        "hidden": false
      }
    ],
    "campaigns": [
      {
        "id": "10024386",
        "name": "Knjižna polica",
        "url": "/c/knjizna-polica/a10024386",
        "hidden": false
      }
    ],
    "world_of_needs_code": "1723",
    "world_of_needs_name": "Drogerija - higiena, otroška hrana, kozmetika, čistila",
    "world_of_needs_parent": "17",
    "is_main_category": true,
    "super_categories": [
      {
        "code": "17",
        "name": "Hrana in bližnja hrana",
        "parent": "0"
      },
      {
        "code": "0",
        "name": "Svetovi potreb",
        "parent": ""
      }
    ],
    "position": 404,
    "tracking_payload": {
      "searchTrackingMasterId": "Product.10082408",
      "searchTrackingTitle": "Brihtna+glavca-fizika+9",
      "searchTrackingPageSize": 100,
      "searchTrackingPage": 5,
      "searchTrackingEvent": "click",
      "list": "search",
      "searchTrackingId": "Product.10082408",
      "searchTrackingOrigPos": 1,
      "searchTrackingPos": 404,
      "searchTrackingOrigPageSize": 100,
      "searchTrackingChannel": "SI",
      "category": "Food"
    }
  },
  {
    "code": "10082420",
    "name": "Brihtna glavca-slovenščina 1",
    "url": "",
    "result_class": "product",
    "type": "product",
    "product_id": 10082420,
    "erp_number": "10082420",
    "item_id": 10082420,
    "full_title": "MLADINSKA KNJIGA Brihtna glavca-slovenščina 1",
    "title": "Brihtna glavca-slovenščina 1",
    "category": "Food",
    "product_type": "RETAIL",
    "age_restriction": false,
    "is_used_product": false,
    "multipack": false,
    "online": false,
    "store": true,
    "quick_add_to_cart": false,
    "flash_sales": false,
    "having_videos": false,
    "having_threesixty": false,
    "price": 9.99,
    "old_price": 0.0,
    "currency_code": "EUR",
    "currency_symbol": "€",
    "has_star": true,
    "has_vat": false,
    "price_theme": "white_red",
    "variants_have_different_prices": false,
    "base_price_text": null,
    "base_price_prefix": null,
    "packaging_text": "kos",
    "discount_deleted_price": null,
    "discount_text": "ZGRABITE PRILOŽNOST!",
    "discount_percentage": null,
    "discount_has_star": false,
    "show_discount": false,
    "show_percentage": false,
    "from_recommended_price": false,
    "availability_indicator": 0,
    "online_available": false,
    "min_orderable_quantity": 1,
    "orderable_quantities": [],
    "badge_texts": [
      "V trgovini od 07.07."
    ],
    "badge_types": [
      "IN_STORE_FROM_DATE_TODAY"
    ],
    "main_image": "https://imgproxy-retcat.assets.schwarz/HSa2DMfSpVAe-xMu1AvksLChE9_wD70dXvXMY2WSoNY/sm:1/w:427/h:320/cz/M6Ly9wcm9kLWNhd/GFsb2ctbWVkaWEvc2kvMS82MTgzNjAzODM0Njk0MkVGQUM4MzY2N0V/BRjZCRTNEQkI3NkU3NzM0MDA5MzZGNjRDOUI0MzJDODJGNUU4Q0NDLmpwZw.jpg",
    "image_list": [
      "https://imgproxy-retcat.assets.schwarz/HSa2DMfSpVAe-xMu1AvksLChE9_wD70dXvXMY2WSoNY/sm:1/w:427/h:320/cz/M6Ly9wcm9kLWNhd/GFsb2ctbWVkaWEvc2kvMS82MTgzNjAzODM0Njk0MkVGQUM4MzY2N0V/BRjZCRTNEQkI3NkU3NzM0MDA5MzZGNjRDOUI0MzJDODJGNUU4Q0NDLmpwZw.jpg"
    ],
    "image_accessibility": "Embalaža Slovenska zdravila za otroke.",
    "detailed_images": [
      {
        "url": "https://imgproxy-retcat.assets.schwarz/HSa2DMfSpVAe-xMu1AvksLChE9_wD70dXvXMY2WSoNY/sm:1/w:427/h:320/cz/M6Ly9wcm9kLWNhd/GFsb2ctbWVkaWEvc2kvMS82MTgzNjAzODM0Njk0MkVGQUM4MzY2N0V/BRjZCRTNEQkI3NkU3NzM0MDA5MzZGNjRDOUI0MzJDODJGNUU4Q0NDLmpwZw.jpg",
        "accessibility": "Embalaža Slovenska zdravila za otroke."
      }
    ],
    "analytics_category": "Food",
    "more_details": "Dodatne podrobnosti o izdelku",
    "won_category_primary": "Svetovi potreb/Hrana in bližnja hrana/Drogerija - higiena, otroška hrana, kozmetika, čistila",
    "won_category_primary_path": "0/17/1723",
    "canonical_path": "/p/mladinska-knjiga-brihtna-glavca-slovenscina-1/p10082420",
    "canonical_url": "/p/mladinska-knjiga-brihtna-glavca-slovenscina-1/p10082420",
    "awards": [],
    "seals": [],
    "ribbons": [],
    "highlighted_seals": 0,
    "lidl_plus": [],
    "regions": [],
    "ians": [
      "536738"
    ],
    "show_brand": true,
    "deal_of_day_active": false,
    "full_title_meta": "MLADINSKA KNJIGA Brihtna glavca-slovenščina 1",
    "lists": [
      4990
    ],
    "preview": false,
    "category_breadcrumbs": [
      {
        "id": "10068374",
        "name": "Hrana in pijača",
        "url": "/c/hrana-in-pijaca/s10068374",
        "hidden": false
      },
      {
        "id": "10071019",
        "name": "Osebna nega",
        "url": "/h/osebna-nega/h10071019",
        "hidden": false
      }
    ],
    "campaigns": [
      {
        "id": "10024386",
        "name": "Knjižna polica",
        "url": "/c/knjizna-polica/a10024386",
        "hidden": false
      }
    ],
    "world_of_needs_code": "1723",
    "world_of_needs_name": "Drogerija - higiena, otroška hrana, kozmetika, čistila",
    "world_of_needs_parent": "17",
    "is_main_category": true,
    "super_categories": [
      {
        "code": "17",
        "name": "Hrana in bližnja hrana",
        "parent": "0"
      },
      {
        "code": "0",
        "name": "Svetovi potreb",
        "parent": ""
      }
    ],
    "position": 405,
    "tracking_payload": {
      "searchTrackingMasterId": "Product.10082420",
      "searchTrackingTitle": "Brihtna+glavca-sloven%C5%A1%C4%8Dina+1",
      "searchTrackingPageSize": 100,
      "searchTrackingPage": 5,
      "searchTrackingEvent": "click",
      "list": "search",
      "searchTrackingId": "Product.10082420",
      "searchTrackingOrigPos": 1,
      "searchTrackingPos": 405,
      "searchTrackingOrigPageSize": 100,
      "searchTrackingChannel": "SI",
      "category": "Food"
    }
  },
  {
    "code": "10082207",
    "name": "Mini lubenica",
    "url": "",
    "result_class": "product",
    "type": "product",
    "product_id": 10082207,
    "erp_number": "10082207",
    "item_id": 10082207,
    "full_title": "Mini lubenica",
    "title": "Mini lubenica",
    "category": "Food",
    "product_type": "RETAIL",
    "age_restriction": false,
    "is_used_product": false,
    "multipack": false,
    "online": false,
    "store": false,
    "quick_add_to_cart": false,
    "flash_sales": false,
    "having_videos": false,
    "having_threesixty": false,
    "price": null,
    "old_price": null,
    "currency_code": "EUR",
    "currency_symbol": "€",
    "has_star": true,
    "has_vat": false,
    "price_theme": null,
    "variants_have_different_prices": false,
    "base_price_text": null,
    "base_price_prefix": null,
    "packaging_text": null,
    "discount_deleted_price": null,
    "discount_text": null,
    "discount_percentage": null,
    "discount_has_star": null,
    "show_discount": null,
    "show_percentage": null,
    "from_recommended_price": null,
    "availability_indicator": 0,
    "online_available": false,
    "min_orderable_quantity": 1,
    "orderable_quantities": [],
    "badge_texts": [
      "V trgovini od 10.07. do 16.07."
    ],
    "badge_types": [
      "IN_STORE_FROM_FUTURE_DATE_RANGE"
    ],
    "main_image": "https://imgproxy-retcat.assets.schwarz/6bZhm_ajdb5jppNjcUwr7qBl6iGksgqziracVboDV84/sm:1/w:427/h:320/cz/M6Ly9wcm9kLWNhd/GFsb2ctbWVkaWEvc2kvMS9EMTgyMTVEODIyMjY2MTE3RjBCNjI3MTZ/GRjRCQ0QxMEMyMTdDNEQ3QUJCRDMxNzI0MkQyRUZEMDY4N0IzNUEyLmpwZw.jpg",
    "image_list": [
      "https://imgproxy-retcat.assets.schwarz/6bZhm_ajdb5jppNjcUwr7qBl6iGksgqziracVboDV84/sm:1/w:427/h:320/cz/M6Ly9wcm9kLWNhd/GFsb2ctbWVkaWEvc2kvMS9EMTgyMTVEODIyMjY2MTE3RjBCNjI3MTZ/GRjRCQ0QxMEMyMTdDNEQ3QUJCRDMxNzI0MkQyRUZEMDY4N0IzNUEyLmpwZw.jpg"
    ],
    "image_accessibility": "Tri mini lubenice na bambusovem pladnju.",
    "detailed_images": [
      {
        "url": "https://imgproxy-retcat.assets.schwarz/6bZhm_ajdb5jppNjcUwr7qBl6iGksgqziracVboDV84/sm:1/w:427/h:320/cz/M6Ly9wcm9kLWNhd/GFsb2ctbWVkaWEvc2kvMS9EMTgyMTVEODIyMjY2MTE3RjBCNjI3MTZ/GRjRCQ0QxMEMyMTdDNEQ3QUJCRDMxNzI0MkQyRUZEMDY4N0IzNUEyLmpwZw.jpg",
        "accessibility": "Tri mini lubenice na bambusovem pladnju."
      }
    ],
    "analytics_category": "Food",
    "more_details": "Dodatne podrobnosti o izdelku",
    "won_category_primary": "Svetovi potreb/Hrana in bližnja hrana/Sadje in zelenjava",
    "won_category_primary_path": "0/17/1710",
    "canonical_path": "/p/mini-lubenica/p10082207",
    "canonical_url": "/p/mini-lubenica/p10082207",
    "awards": [],
    "seals": [
      {
        "altText": "Logotip Lidl Plus",
        "image": "https://imgproxy-retcat.assets.schwarz/DjNLhjIEpHeUFO-WYf3wploAS16YAf6tVgt5EMshyFs/sm:1/w:140/cz/M6Ly9wcm9kLWNhd/GFsb2ctbWVkaWEvc2kvMi9BMEU2QkJCNEZCQTZENzlEQ0MzRDRFOEM/2REREODBCRjMwQUNFQjJBMDBGREI4RjI1M0Y3MDYzOTFFMTg3RUVGLnBuZw.png"
      }
    ],
    "ribbons": [],
    "highlighted_seals": 0,
    "lidl_plus": [
      {
        "price": {
          "discount": {
            "deletedPrice": 1.49,
            "discountHasStar": false,
            "discountText": "- 33 %",
            "fromRecommendedPrice": false,
            "showDiscount": true,
            "showFrom": false,
            "showPercentage": true,
            "showUpTo": false
          },
          "displayedCurrency": "€",
          "hasStar": true,
          "hasVat": false,
          "oldPrice": 1.49,
          "packaging": {
            "text": "za kg"
          },
          "price": 0.99,
          "priceTheme": "red_yellow",
          "specialTaxes": []
        },
        "lidlPlusText": "z Lidl Plus",
        "highlightText": "- 33 %"
      }
    ],
    "regions": [],
    "ians": [
      "80537"
    ],
    "show_brand": false,
    "deal_of_day_active": false,
    "full_title_meta": "Mini lubenica",
    "lists": [
      4991
    ],
    "preview": false,
    "category_breadcrumbs": [
      {
        "id": "10068374",
        "name": "Hrana in pijača",
        "url": "/c/hrana-in-pijaca/s10068374",
        "hidden": false
      },
      {
        "id": "10071012",
        "name": "Sadje in zelenjava",
        "url": "/h/sadje-in-zelenjava/h10071012",
        "hidden": false
      }
    ],
    "campaigns": [
      {
        "id": "Current_Sales_Week",
        "name": "Ta teden",
        "url": null,
        "hidden": false
      },
      {
        "id": "10024188",
        "name": "Lidl Plus",
        "url": "/c/lidl-plus/a10024188",
        "hidden": false
      }
    ],
    "world_of_needs_code": "1710",
    "world_of_needs_name": "Sadje in zelenjava",
    "world_of_needs_parent": "17",
    "is_main_category": true,
    "super_categories": [
      {
        "code": "17",
        "name": "Hrana in bližnja hrana",
        "parent": "0"
      },
      {
        "code": "0",
        "name": "Svetovi potreb",
        "parent": ""
      }
    ],
    "position": 406,
    "tracking_payload": {
      "searchTrackingMasterId": "Product.10082207",
      "searchTrackingTitle": "Mini+lubenica",
      "searchTrackingPageSize": 100,
      "searchTrackingPage": 5,
      "searchTrackingEvent": "click",
      "list": "search",
      "searchTrackingId": "Product.10082207",
      "searchTrackingOrigPos": 1,
      "searchTrackingPos": 406,
      "searchTrackingOrigPageSize": 100,
      "searchTrackingChannel": "SI",
      "category": "Food"
    }
  },
  {
    "code": "10082507",
    "name": "Sadni sok s tropskim okusom",
    "url": "",
    "result_class": "product",
    "type": "product",
    "product_id": 10082507,
    "erp_number": "10082507",
    "item_id": 10082507,
    "full_title": "SOLEVITA Sadni sok s tropskim okusom",
    "title": "Sadni sok s tropskim okusom",
    "category": "Food",
    "product_type": "RETAIL",
    "age_restriction": false,
    "is_used_product": false,
    "multipack": false,
    "online": false,
    "store": false,
    "quick_add_to_cart": false,
    "flash_sales": false,
    "having_videos": false,
    "having_threesixty": false,
    "price": 3.99,
    "old_price": 0.0,
    "currency_code": "EUR",
    "currency_symbol": "€",
    "has_star": true,
    "has_vat": false,
    "price_theme": "white_red",
    "variants_have_different_prices": false,
    "base_price_text": "1 l = 1.43",
    "base_price_prefix": false,
    "packaging_text": "14 x 0,2 l",
    "discount_deleted_price": null,
    "discount_text": "ZGRABITE PRILOŽNOST!",
    "discount_percentage": null,
    "discount_has_star": false,
    "show_discount": false,
    "show_percentage": false,
    "from_recommended_price": false,
    "availability_indicator": 0,
    "online_available": false,
    "min_orderable_quantity": 1,
    "orderable_quantities": [],
    "badge_texts": [
      "V trgovini od 10.07. do 16.07."
    ],
    "badge_types": [
      "IN_STORE_FROM_FUTURE_DATE_RANGE"
    ],
    "main_image": "https://imgproxy-retcat.assets.schwarz/d7BB3LyD8DGwae0-f0Du3AaG6funbhbL7vSrjcoiZtM/sm:1/w:427/h:320/cz/M6Ly9wcm9kLWNhd/GFsb2ctbWVkaWEvc2kvMS9BQjQ4MTMyMDIzQjY0MDBFMDQwMjgxRjE/xNkRBOTU3RDU5RkIzNTQwRjhFNjFBRUIwOEZFOTQxRDIxMjZFMDdDLmpwZw.jpg",
    "image_list": [
      "https://imgproxy-retcat.assets.schwarz/d7BB3LyD8DGwae0-f0Du3AaG6funbhbL7vSrjcoiZtM/sm:1/w:427/h:320/cz/M6Ly9wcm9kLWNhd/GFsb2ctbWVkaWEvc2kvMS9BQjQ4MTMyMDIzQjY0MDBFMDQwMjgxRjE/xNkRBOTU3RDU5RkIzNTQwRjhFNjFBRUIwOEZFOTQxRDIxMjZFMDdDLmpwZw.jpg",
      "https://imgproxy-retcat.assets.schwarz/T1vIbrrR36O2k9q7Q49qpbd9zFYbHpY-ckUSBaXGrXo/sm:1/w:427/h:320/cz/M6Ly9wcm9kLWNhd/GFsb2ctbWVkaWEvc2kvMS9CRkJDRTAyNkM5RUUyQzBFOTM5RkRCMTR/CMEI1REM5QThDRDY0MTA0QUM1RjY0RTBERkExOEVBNkM2QjIzREEyLmpwZw.jpg"
    ],
    "image_accessibility": "Solevita Tropical: 14 vrečk tropskega sadnega napitka.",
    "detailed_images": [
      {
        "url": "https://imgproxy-retcat.assets.schwarz/d7BB3LyD8DGwae0-f0Du3AaG6funbhbL7vSrjcoiZtM/sm:1/w:427/h:320/cz/M6Ly9wcm9kLWNhd/GFsb2ctbWVkaWEvc2kvMS9BQjQ4MTMyMDIzQjY0MDBFMDQwMjgxRjE/xNkRBOTU3RDU5RkIzNTQwRjhFNjFBRUIwOEZFOTQxRDIxMjZFMDdDLmpwZw.jpg",
        "accessibility": "Solevita Tropical: 14 vrečk tropskega sadnega napitka."
      },
      {
        "url": "https://imgproxy-retcat.assets.schwarz/T1vIbrrR36O2k9q7Q49qpbd9zFYbHpY-ckUSBaXGrXo/sm:1/w:427/h:320/cz/M6Ly9wcm9kLWNhd/GFsb2ctbWVkaWEvc2kvMS9CRkJDRTAyNkM5RUUyQzBFOTM5RkRCMTR/CMEI1REM5QThDRDY0MTA0QUM1RjY0RTBERkExOEVBNkM2QjIzREEyLmpwZw.jpg",
        "accessibility": "Škatla Tropicana tropskega sadnega soka v vrečkah."
      }
    ],
    "analytics_category": "Food",
    "more_details": "Dodatne podrobnosti o izdelku",
    "won_category_primary": "Svetovi potreb/Hrana in bližnja hrana/Pijače",
    "won_category_primary_path": "0/17/1720",
    "canonical_path": "/p/solevita-sadni-sok-s-tropskim-okusom/p10082507",
    "canonical_url": "/p/solevita-sadni-sok-s-tropskim-okusom/p10082507",
    "awards": [],
    "seals": [],
    "ribbons": [],
    "highlighted_seals": 0,
    "lidl_plus": [],
    "regions": [],
    "ians": [
      "114746"
    ],
    "show_brand": true,
    "deal_of_day_active": false,
    "full_title_meta": "SOLEVITA Sadni sok s tropskim okusom",
    "lists": [
      4991
    ],
    "preview": false,
    "category_breadcrumbs": [
      {
        "id": "10068374",
        "name": "Hrana in pijača",
        "url": "/c/hrana-in-pijaca/s10068374",
        "hidden": false
      },
      {
        "id": "10071022",
        "name": "Pijače",
        "url": "/h/pijace/h10071022",
        "hidden": false
      }
    ],
    "campaigns": [
      {
        "id": "Current_Sales_Week",
        "name": "Ta teden",
        "url": null,
        "hidden": false
      },
      {
        "id": "10075258",
        "name": "Tvoja Lidl cena",
        "url": "/c/tvoja-lidl-cena/a10075258",
        "hidden": false
      }
    ],
    "world_of_needs_code": "1720",
    "world_of_needs_name": "Pijače",
    "world_of_needs_parent": "17",
    "is_main_category": true,
    "super_categories": [
      {
        "code": "17",
        "name": "Hrana in bližnja hrana",
        "parent": "0"
      },
      {
        "code": "0",
        "name": "Svetovi potreb",
        "parent": ""
      }
    ],
    "position": 407,
    "tracking_payload": {
      "searchTrackingMasterId": "Product.10082507",
      "searchTrackingTitle": "Sadni+sok+s+tropskim+okusom",
      "searchTrackingPageSize": 100,
      "searchTrackingPage": 5,
      "searchTrackingEvent": "click",
      "list": "search",
      "searchTrackingId": "Product.10082507",
      "searchTrackingOrigPos": 1,
      "searchTrackingPos": 407,
      "searchTrackingOrigPageSize": 100,
      "searchTrackingChannel": "SI",
      "category": "Food"
    }
  },
  {
    "code": "10074586",
    "name": "Vrečke za led",
    "url": "",
    "result_class": "product",
    "type": "product",
    "product_id": 10074586,
    "erp_number": "10074586",
    "item_id": 10074586,
    "full_title": "AROMATA Vrečke za led",
    "title": "Vrečke za led",
    "category": "Food",
    "product_type": "RETAIL",
    "age_restriction": false,
    "is_used_product": false,
    "multipack": false,
    "online": false,
    "store": true,
    "quick_add_to_cart": false,
    "flash_sales": false,
    "having_videos": false,
    "having_threesixty": false,
    "price": 0.4,
    "old_price": 0.0,
    "currency_code": "EUR",
    "currency_symbol": "€",
    "has_star": true,
    "has_vat": false,
    "price_theme": "white_red",
    "variants_have_different_prices": false,
    "base_price_text": "1 pakiranje = 0.20",
    "base_price_prefix": false,
    "packaging_text": "cena za kos ob nakupu 2 pakiranj",
    "discount_deleted_price": null,
    "discount_text": "1+1 GRATIS",
    "discount_percentage": null,
    "discount_has_star": false,
    "show_discount": false,
    "show_percentage": false,
    "from_recommended_price": false,
    "availability_indicator": 0,
    "online_available": false,
    "min_orderable_quantity": 1,
    "orderable_quantities": [],
    "badge_texts": [
      "V trgovini od 03.07. do 09.07."
    ],
    "badge_types": [
      "IN_STORE_PAST_DATE_RANGE"
    ],
    "main_image": "https://imgproxy-retcat.assets.schwarz/fd1qMZ6STRq8HvzYsgbx091oOc8VuQIALNDECMAaPr4/sm:1/w:427/h:320/cz/M6Ly9wcm9kLWNhd/GFsb2ctbWVkaWEvc2kvMS83MEM3N0M0MzQ3NjE0MDZCM0NDQkM5MDg/zMjg1QkRCNTg5RDg3OEQxRkE1ODA2M0E3OENGNjkyN0NEOTgyNzVFLmpwZw.jpg",
    "image_list": [
      "https://imgproxy-retcat.assets.schwarz/fd1qMZ6STRq8HvzYsgbx091oOc8VuQIALNDECMAaPr4/sm:1/w:427/h:320/cz/M6Ly9wcm9kLWNhd/GFsb2ctbWVkaWEvc2kvMS83MEM3N0M0MzQ3NjE0MDZCM0NDQkM5MDg/zMjg1QkRCNTg5RDg3OEQxRkE1ODA2M0E3OENGNjkyN0NEOTgyNzVFLmpwZw.jpg",
      "https://imgproxy-retcat.assets.schwarz/uwtGrv4adotIHxF0VAmT9zwN-MHpD7S0dCiyf5ANTLI/sm:1/w:427/h:320/cz/M6Ly9wcm9kLWNhd/GFsb2ctbWVkaWEvc2kvMS80RTJEMUU4RTEzRURFRjRDQUI4NzA2NzV/FM0EzRUZFRkE1MjNEQjU5QjlCOUMxMjg1N0I4QjFBNjFEODFCNDkzLmpwZw.jpg",
      "https://imgproxy-retcat.assets.schwarz/FtHVsAYFWBod_t2c6Eoxo6Ot3PITE5Q-4bIbsPPWwKo/sm:1/w:427/h:320/cz/M6Ly9wcm9kLWNhd/GFsb2ctbWVkaWEvc2kvMS8zOTQzMDI1MDVFQUMzMTczMTQ1QzNCNzA/wMjhDMUI3NzYxRUI3QzJGNkMzQzhFQzYxNTYxQTM5MDBCMzA4Q0YzLmpwZw.jpg"
    ],
    "image_accessibility": "Aventus ledeni palčki, kocke in tubi za hlajenje pijač.",
    "detailed_images": [
      {
        "url": "https://imgproxy-retcat.assets.schwarz/fd1qMZ6STRq8HvzYsgbx091oOc8VuQIALNDECMAaPr4/sm:1/w:427/h:320/cz/M6Ly9wcm9kLWNhd/GFsb2ctbWVkaWEvc2kvMS83MEM3N0M0MzQ3NjE0MDZCM0NDQkM5MDg/zMjg1QkRCNTg5RDg3OEQxRkE1ODA2M0E3OENGNjkyN0NEOTgyNzVFLmpwZw.jpg",
        "accessibility": "Aventus ledeni palčki, kocke in tubi za hlajenje pijač."
      },
      {
        "url": "https://imgproxy-retcat.assets.schwarz/uwtGrv4adotIHxF0VAmT9zwN-MHpD7S0dCiyf5ANTLI/sm:1/w:427/h:320/cz/M6Ly9wcm9kLWNhd/GFsb2ctbWVkaWEvc2kvMS80RTJEMUU4RTEzRURFRjRDQUI4NzA2NzV/FM0EzRUZFRkE1MjNEQjU5QjlCOUMxMjg1N0I4QjFBNjFEODFCNDkzLmpwZw.jpg",
        "accessibility": "Paket Aromaty ledu v obliki kock."
      },
      {
        "url": "https://imgproxy-retcat.assets.schwarz/FtHVsAYFWBod_t2c6Eoxo6Ot3PITE5Q-4bIbsPPWwKo/sm:1/w:427/h:320/cz/M6Ly9wcm9kLWNhd/GFsb2ctbWVkaWEvc2kvMS8zOTQzMDI1MDVFQUMzMTczMTQ1QzNCNzA/wMjhDMUI3NzYxRUI3QzJGNkMzQzhFQzYxNTYxQTM5MDBCMzA4Q0YzLmpwZw.jpg",
        "accessibility": "Aromatic Ice Hearts: 20 zamrzovalnih srčkov za pijačo."
      }
    ],
    "analytics_category": "Food",
    "more_details": "Dodatne podrobnosti o izdelku",
    "won_category_primary": "Svetovi potreb/Hrana in bližnja hrana/Prigrizki in slaščice",
    "won_category_primary_path": "0/17/1721",
    "canonical_path": "/p/aromata-vrecke-za-led/p10074586",
    "canonical_url": "/p/aromata-vrecke-za-led/p10074586",
    "awards": [],
    "seals": [],
    "ribbons": [],
    "highlighted_seals": 0,
    "lidl_plus": [],
    "regions": [],
    "ians": [
      "21728"
    ],
    "show_brand": true,
    "deal_of_day_active": false,
    "full_title_meta": "AROMATA Vrečke za led",
    "lists": [
      4986
    ],
    "preview": false,
    "category_breadcrumbs": [
      {
        "id": "10068374",
        "name": "Hrana in pijača",
        "url": "/c/hrana-in-pijaca/s10068374",
        "hidden": false
      },
      {
        "id": "10071044",
        "name": "Prigrizki in sladkarije",
        "url": "/h/prigrizki-in-sladkarije/h10071044",
        "hidden": false
      }
    ],
    "campaigns": [
      {
        "id": "Current_Sales_Week",
        "name": "Ta teden",
        "url": null,
        "hidden": false
      },
      {
        "id": "10074808",
        "name": "Tvoja Lidl cena",
        "url": "/c/tvoja-lidl-cena/a10074808",
        "hidden": false
      }
    ],
    "world_of_needs_code": "1721",
    "world_of_needs_name": "Prigrizki in slaščice",
    "world_of_needs_parent": "17",
    "is_main_category": true,
    "super_categories": [
      {
        "code": "17",
        "name": "Hrana in bližnja hrana",
        "parent": "0"
      },
      {
        "code": "0",
        "name": "Svetovi potreb",
        "parent": ""
      }
    ],
    "position": 408,
    "tracking_payload": {
      "searchTrackingMasterId": "Product.10074586",
      "searchTrackingTitle": "Vre%C4%8Dke+za+led",
      "searchTrackingPageSize": 100,
      "searchTrackingPage": 5,
      "searchTrackingEvent": "click",
      "list": "search",
      "searchTrackingId": "Product.10074586",
      "searchTrackingOrigPos": 1,
      "searchTrackingPos": 408,
      "searchTrackingOrigPageSize": 100,
      "searchTrackingChannel": "SI",
      "category": "Food"
    }
  },
  {
    "code": "10079227",
    "name": "Čokoladne palčke",
    "url": "",
    "result_class": "product",
    "type": "product",
    "product_id": 10079227,
    "erp_number": "10079227",
    "item_id": 10079227,
    "full_title": "MISTER CHOC Čokoladne palčke",
    "title": "Čokoladne palčke",
    "category": "Food",
    "product_type": "RETAIL",
    "age_restriction": false,
    "is_used_product": false,
    "multipack": false,
    "online": false,
    "store": true,
    "quick_add_to_cart": false,
    "flash_sales": false,
    "having_videos": false,
    "having_threesixty": false,
    "price": null,
    "old_price": null,
    "currency_code": "EUR",
    "currency_symbol": "€",
    "has_star": true,
    "has_vat": false,
    "price_theme": null,
    "variants_have_different_prices": false,
    "base_price_text": null,
    "base_price_prefix": null,
    "packaging_text": null,
    "discount_deleted_price": null,
    "discount_text": null,
    "discount_percentage": null,
    "discount_has_star": null,
    "show_discount": null,
    "show_percentage": null,
    "from_recommended_price": null,
    "availability_indicator": 0,
    "online_available": false,
    "min_orderable_quantity": 1,
    "orderable_quantities": [],
    "badge_texts": [
      "V trgovini od 03.07. do 09.07."
    ],
    "badge_types": [
      "IN_STORE_PAST_DATE_RANGE"
    ],
    "main_image": "https://imgproxy-retcat.assets.schwarz/nMrRLChELc29dAC5UOIvuuThuUH_tmMCBgnie6tVCfA/sm:1/w:427/h:320/cz/M6Ly9wcm9kLWNhd/GFsb2ctbWVkaWEvc2kvMS82NDJEMDU5OEQ3MDdBRDI2OTYxODE1NTk/1NUUyOUY5QURDOEJDMzhDM0JBNkMzRUQ3QzUxRjg4QzlBNkM2RENFLmpwZw.jpg",
    "image_list": [
      "https://imgproxy-retcat.assets.schwarz/nMrRLChELc29dAC5UOIvuuThuUH_tmMCBgnie6tVCfA/sm:1/w:427/h:320/cz/M6Ly9wcm9kLWNhd/GFsb2ctbWVkaWEvc2kvMS82NDJEMDU5OEQ3MDdBRDI2OTYxODE1NTk/1NUUyOUY5QURDOEJDMzhDM0JBNkMzRUQ3QzUxRjg4QzlBNkM2RENFLmpwZw.jpg"
    ],
    "image_accessibility": "Dve embalaži čokoladnih palčk za otroke.",
    "detailed_images": [
      {
        "url": "https://imgproxy-retcat.assets.schwarz/nMrRLChELc29dAC5UOIvuuThuUH_tmMCBgnie6tVCfA/sm:1/w:427/h:320/cz/M6Ly9wcm9kLWNhd/GFsb2ctbWVkaWEvc2kvMS82NDJEMDU5OEQ3MDdBRDI2OTYxODE1NTk/1NUUyOUY5QURDOEJDMzhDM0JBNkMzRUQ3QzUxRjg4QzlBNkM2RENFLmpwZw.jpg",
        "accessibility": "Dve embalaži čokoladnih palčk za otroke."
      }
    ],
    "analytics_category": "Food",
    "more_details": "Dodatne podrobnosti o izdelku",
    "won_category_primary": "Svetovi potreb/Hrana in bližnja hrana/Prigrizki in slaščice",
    "won_category_primary_path": "0/17/1721",
    "canonical_path": "/p/mister-choc-cokoladne-palcke/p10079227",
    "canonical_url": "/p/mister-choc-cokoladne-palcke/p10079227",
    "awards": [],
    "seals": [
      {
        "altText": "Logotip Lidl Plus",
        "image": "https://imgproxy-retcat.assets.schwarz/DjNLhjIEpHeUFO-WYf3wploAS16YAf6tVgt5EMshyFs/sm:1/w:140/cz/M6Ly9wcm9kLWNhd/GFsb2ctbWVkaWEvc2kvMi9BMEU2QkJCNEZCQTZENzlEQ0MzRDRFOEM/2REREODBCRjMwQUNFQjJBMDBGREI4RjI1M0Y3MDYzOTFFMTg3RUVGLnBuZw.png"
      },
      {
        "altText": "Žig Rainforest Alliance: Ljudje & Narava",
        "image": "https://imgproxy-retcat.assets.schwarz/lbMCis-jGZQNzMXk3WVad3uyJkZ4j8S3P-DyZdCd0KE/sm:1/w:140/cz/M6Ly9wcm9kLWNhd/GFsb2ctbWVkaWEvc2kvMi9FNjBFQjg3QzI4NzMzREE2NTY4NzA1OUN/EMUZDNkVCNUEwMkQxODZDNkQ0MUNFMjVDREJCMjdGNThDRDhGNEJBLnBuZw.png"
      }
    ],
    "ribbons": [],
    "highlighted_seals": 0,
    "lidl_plus": [
      {
        "price": {
          "basePrice": {
            "prefix": false,
            "text": "1 kg = 4.95"
          },
          "discount": {
            "deletedPrice": 1.99,
            "discountHasStar": false,
            "discountText": "- 50 % na drugi kos",
            "fromRecommendedPrice": false,
            "showDiscount": true,
            "showFrom": false,
            "showPercentage": true,
            "showUpTo": false
          },
          "displayedCurrency": "€",
          "hasStar": true,
          "hasVat": false,
          "oldPrice": 1.99,
          "packaging": {
            "text": "cena za drugi kos z Lidl Plus"
          },
          "price": 0.99,
          "priceTheme": "red_yellow",
          "specialTaxes": []
        },
        "lidlPlusText": "z Lidl Plus",
        "highlightText": "- 50 % na drugi kos"
      }
    ],
    "regions": [],
    "ians": [
      "31684"
    ],
    "show_brand": true,
    "deal_of_day_active": false,
    "full_title_meta": "MISTER CHOC Čokoladne palčke",
    "lists": [
      4986
    ],
    "preview": false,
    "category_breadcrumbs": [
      {
        "id": "10068374",
        "name": "Hrana in pijača",
        "url": "/c/hrana-in-pijaca/s10068374",
        "hidden": false
      },
      {
        "id": "10071044",
        "name": "Prigrizki in sladkarije",
        "url": "/h/prigrizki-in-sladkarije/h10071044",
        "hidden": false
      }
    ],
    "campaigns": [
      {
        "id": "Current_Sales_Week",
        "name": "Ta teden",
        "url": null,
        "hidden": false
      },
      {
        "id": "10024188",
        "name": "Lidl Plus",
        "url": "/c/lidl-plus/a10024188",
        "hidden": false
      }
    ],
    "world_of_needs_code": "1721",
    "world_of_needs_name": "Prigrizki in slaščice",
    "world_of_needs_parent": "17",
    "is_main_category": true,
    "super_categories": [
      {
        "code": "17",
        "name": "Hrana in bližnja hrana",
        "parent": "0"
      },
      {
        "code": "0",
        "name": "Svetovi potreb",
        "parent": ""
      }
    ],
    "position": 409,
    "tracking_payload": {
      "searchTrackingMasterId": "Product.10079227",
      "searchTrackingTitle": "%C4%8Cokoladne+pal%C4%8Dke",
      "searchTrackingPageSize": 100,
      "searchTrackingPage": 5,
      "searchTrackingEvent": "click",
      "list": "search",
      "searchTrackingId": "Product.10079227",
      "searchTrackingOrigPos": 1,
      "searchTrackingPos": 409,
      "searchTrackingOrigPageSize": 100,
      "searchTrackingChannel": "SI",
      "category": "Food"
    }
  },
  {
    "code": "10065983",
    "name": "Sveža teletina za pečenje",
    "url": "",
    "result_class": "product",
    "type": "product",
    "product_id": 10065983,
    "erp_number": "10065983",
    "item_id": 10065983,
    "full_title": "SVEŽE MESO Sveža teletina za pečenje",
    "title": "Sveža teletina za pečenje",
    "category": "Food",
    "product_type": "RETAIL",
    "age_restriction": false,
    "is_used_product": false,
    "multipack": false,
    "online": false,
    "store": true,
    "quick_add_to_cart": false,
    "flash_sales": false,
    "having_videos": false,
    "having_threesixty": false,
    "price": 8.99,
    "old_price": 0.0,
    "currency_code": "EUR",
    "currency_symbol": "€",
    "has_star": true,
    "has_vat": false,
    "price_theme": "white_red",
    "variants_have_different_prices": false,
    "base_price_text": "pribl. 2 kg",
    "base_price_prefix": false,
    "packaging_text": "za kg",
    "discount_deleted_price": null,
    "discount_text": "ZGRABITE PRILOŽNOST!",
    "discount_percentage": null,
    "discount_has_star": false,
    "show_discount": false,
    "show_percentage": false,
    "from_recommended_price": false,
    "availability_indicator": 0,
    "online_available": false,
    "min_orderable_quantity": 1,
    "orderable_quantities": [],
    "badge_texts": [
      "V trgovini od 03.07. do 09.07."
    ],
    "badge_types": [
      "IN_STORE_PAST_DATE_RANGE"
    ],
    "main_image": "https://imgproxy-retcat.assets.schwarz/2MAZK5D1p1yfzUIyrs-gDVlIyq2Hz3YZJbHCQC2CWt8/sm:1/w:427/h:320/cz/M6Ly9wcm9kLWNhd/GFsb2ctbWVkaWEvc2kvMS9ENzRGQkU5QjI4QzFBNjgwODYwQTM2NUR/CNTgwMzY1QzkwNURCNDBEQzVGQjhGN0ZBNTQ5MkEzRUNBNEYxMzEwLmpwZw.jpg",
    "image_list": [
      "https://imgproxy-retcat.assets.schwarz/2MAZK5D1p1yfzUIyrs-gDVlIyq2Hz3YZJbHCQC2CWt8/sm:1/w:427/h:320/cz/M6Ly9wcm9kLWNhd/GFsb2ctbWVkaWEvc2kvMS9ENzRGQkU5QjI4QzFBNjgwODYwQTM2NUR/CNTgwMzY1QzkwNURCNDBEQzVGQjhGN0ZBNTQ5MkEzRUNBNEYxMzEwLmpwZw.jpg"
    ],
    "image_accessibility": "Sveže rezine svinjskega mesa na temni podlagi.",
    "detailed_images": [
      {
        "url": "https://imgproxy-retcat.assets.schwarz/2MAZK5D1p1yfzUIyrs-gDVlIyq2Hz3YZJbHCQC2CWt8/sm:1/w:427/h:320/cz/M6Ly9wcm9kLWNhd/GFsb2ctbWVkaWEvc2kvMS9ENzRGQkU5QjI4QzFBNjgwODYwQTM2NUR/CNTgwMzY1QzkwNURCNDBEQzVGQjhGN0ZBNTQ5MkEzRUNBNEYxMzEwLmpwZw.jpg",
        "accessibility": "Sveže rezine svinjskega mesa na temni podlagi."
      }
    ],
    "analytics_category": "Food",
    "more_details": "Dodatne podrobnosti o izdelku",
    "won_category_primary": "Svetovi potreb/Hrana in bližnja hrana/Klobase in meso",
    "won_category_primary_path": "0/17/1717",
    "canonical_path": "/p/sveze-meso-sveza-teletina-za-pecenje/p10065983",
    "canonical_url": "/p/sveze-meso-sveza-teletina-za-pecenje/p10065983",
    "awards": [],
    "seals": [],
    "ribbons": [],
    "highlighted_seals": 0,
    "lidl_plus": [],
    "regions": [],
    "ians": [
      "6902353"
    ],
    "show_brand": true,
    "deal_of_day_active": false,
    "full_title_meta": "SVEŽE MESO Sveža teletina za pečenje",
    "lists": [
      4986
    ],
    "preview": false,
    "category_breadcrumbs": [
      {
        "id": "10068374",
        "name": "Hrana in pijača",
        "url": "/c/hrana-in-pijaca/s10068374",
        "hidden": false
      },
      {
        "id": "10071016",
        "name": "Meso in mesni izdelki",
        "url": "/h/meso-in-mesni-izdelki/h10071016",
        "hidden": false
      }
    ],
    "campaigns": [
      {
        "id": "Current_Sales_Week",
        "name": "Ta teden",
        "url": null,
        "hidden": false
      },
      {
        "id": "10074808",
        "name": "Tvoja Lidl cena",
        "url": "/c/tvoja-lidl-cena/a10074808",
        "hidden": false
      }
    ],
    "world_of_needs_code": "1717",
    "world_of_needs_name": "Klobase in meso",
    "world_of_needs_parent": "17",
    "is_main_category": true,
    "super_categories": [
      {
        "code": "17",
        "name": "Hrana in bližnja hrana",
        "parent": "0"
      },
      {
        "code": "0",
        "name": "Svetovi potreb",
        "parent": ""
      }
    ],
    "position": 410,
    "tracking_payload": {
      "searchTrackingMasterId": "Product.10065983",
      "searchTrackingTitle": "Sve%C5%BEa+teletina+za+pe%C4%8Denje",
      "searchTrackingPageSize": 100,
      "searchTrackingPage": 5,
      "searchTrackingEvent": "click",
      "list": "search",
      "searchTrackingId": "Product.10065983",
      "searchTrackingOrigPos": 1,
      "searchTrackingPos": 410,
      "searchTrackingOrigPageSize": 100,
      "searchTrackingChannel": "SI",
      "category": "Food"
    }
  },
  {
    "code": "10079147",
    "name": "Bonboni s polnilom",
    "url": "",
    "result_class": "product",
    "type": "product",
    "product_id": 10079147,
    "erp_number": "10079147",
    "item_id": 10079147,
    "full_title": "AMANIE Bonboni s polnilom",
    "title": "Bonboni s polnilom",
    "category": "Food",
    "product_type": "RETAIL",
    "age_restriction": false,
    "is_used_product": false,
    "multipack": false,
    "online": false,
    "store": true,
    "quick_add_to_cart": false,
    "flash_sales": false,
    "having_videos": false,
    "having_threesixty": false,
    "price": 0.79,
    "old_price": 0.0,
    "currency_code": "EUR",
    "currency_symbol": "€",
    "has_star": true,
    "has_vat": false,
    "price_theme": "white_red",
    "variants_have_different_prices": false,
    "base_price_text": "1 kg = 9.88 / 7.90",
    "base_price_prefix": false,
    "packaging_text": "cena za kos ob nakupu 3 kosov",
    "discount_deleted_price": null,
    "discount_text": "2+1 GRATIS",
    "discount_percentage": null,
    "discount_has_star": false,
    "show_discount": false,
    "show_percentage": false,
    "from_recommended_price": false,
    "availability_indicator": 0,
    "online_available": false,
    "min_orderable_quantity": 1,
    "orderable_quantities": [],
    "badge_texts": [
      "V trgovini od 03.07. do 09.07."
    ],
    "badge_types": [
      "IN_STORE_PAST_DATE_RANGE"
    ],
    "main_image": "https://imgproxy-retcat.assets.schwarz/vkyz4V1M5E1CTSZkHi7uHd7iNDUG0ZlR7yW5Rq74oYc/sm:1/w:427/h:320/cz/M6Ly9wcm9kLWNhd/GFsb2ctbWVkaWEvc2kvMS81RUJGMUFBRjIyODM3NDg3QUJEQzFDQjY/wRjJFNUNGOTc5ODJFQTI3Q0QyMUJEODBBRjk0NkVGQzlENjNCQTU3LmpwZw.jpg",
    "image_list": [
      "https://imgproxy-retcat.assets.schwarz/vkyz4V1M5E1CTSZkHi7uHd7iNDUG0ZlR7yW5Rq74oYc/sm:1/w:427/h:320/cz/M6Ly9wcm9kLWNhd/GFsb2ctbWVkaWEvc2kvMS81RUJGMUFBRjIyODM3NDg3QUJEQzFDQjY/wRjJFNUNGOTc5ODJFQTI3Q0QyMUJEODBBRjk0NkVGQzlENjNCQTU3LmpwZw.jpg",
      "https://imgproxy-retcat.assets.schwarz/XSuSaCYdK9KhUb4BOPnwu8fehoHIzsBBUEZZ-p06oY4/sm:1/w:427/h:320/cz/M6Ly9wcm9kLWNhd/GFsb2ctbWVkaWEvc2kvMS85RjNFMkE4NUE3MUVGNEU1REMwOENGMjd/FOUMzMzJCRjE2NTYyRTRCMUFGQjFCMzlCNDcxN0Q3NzA5QTI3QTAxLmpwZw.jpg",
      "https://imgproxy-retcat.assets.schwarz/O8Nv2h8HE-wRLjQE5mLFMmFiVKyGhWFOvnAKccA1CuE/sm:1/w:427/h:320/cz/M6Ly9wcm9kLWNhd/GFsb2ctbWVkaWEvc2kvMS8xODg1Nzk0MEQ1NjU0RTBCNjlCNjBCQkI/yN0Y1RUJEOEZCOTI0RUI5OUQwNUQyQjJCQTU0OEZGQ0QxQkJBMUQ5LmpwZw.jpg"
    ],
    "image_accessibility": "Trije paketi čajev Droga: ingver, ingver in med ter mandlji in med.",
    "detailed_images": [
      {
        "url": "https://imgproxy-retcat.assets.schwarz/vkyz4V1M5E1CTSZkHi7uHd7iNDUG0ZlR7yW5Rq74oYc/sm:1/w:427/h:320/cz/M6Ly9wcm9kLWNhd/GFsb2ctbWVkaWEvc2kvMS81RUJGMUFBRjIyODM3NDg3QUJEQzFDQjY/wRjJFNUNGOTc5ODJFQTI3Q0QyMUJEODBBRjk0NkVGQzlENjNCQTU3LmpwZw.jpg",
        "accessibility": "Trije paketi čajev Droga: ingver, ingver in med ter mandlji in med."
      },
      {
        "url": "https://imgproxy-retcat.assets.schwarz/XSuSaCYdK9KhUb4BOPnwu8fehoHIzsBBUEZZ-p06oY4/sm:1/w:427/h:320/cz/M6Ly9wcm9kLWNhd/GFsb2ctbWVkaWEvc2kvMS85RjNFMkE4NUE3MUVGNEU1REMwOENGMjd/FOUMzMzJCRjE2NTYyRTRCMUFGQjFCMzlCNDcxN0Q3NzA5QTI3QTAxLmpwZw.jpg",
        "accessibility": "Storck Ginger - polnjene sladice z okusom ingverja."
      },
      {
        "url": "https://imgproxy-retcat.assets.schwarz/O8Nv2h8HE-wRLjQE5mLFMmFiVKyGhWFOvnAKccA1CuE/sm:1/w:427/h:320/cz/M6Ly9wcm9kLWNhd/GFsb2ctbWVkaWEvc2kvMS8xODg1Nzk0MEQ1NjU0RTBCNjlCNjBCQkI/yN0Y1RUJEOEZCOTI0RUI5OUQwNUQyQjJCQTU0OEZGQ0QxQkJBMUQ5LmpwZw.jpg",
        "accessibility": "Paket žvečilnih sladkarij z okusom ingverja znamke Vivom."
      }
    ],
    "analytics_category": "Food",
    "more_details": "Dodatne podrobnosti o izdelku",
    "won_category_primary": "Svetovi potreb/Hrana in bližnja hrana/Prigrizki in slaščice",
    "won_category_primary_path": "0/17/1721",
    "canonical_path": "/p/amanie-bonboni-s-polnilom/p10079147",
    "canonical_url": "/p/amanie-bonboni-s-polnilom/p10079147",
    "awards": [],
    "seals": [],
    "ribbons": [],
    "highlighted_seals": 0,
    "lidl_plus": [],
    "regions": [],
    "ians": [
      "180452"
    ],
    "show_brand": true,
    "deal_of_day_active": false,
    "full_title_meta": "AMANIE Bonboni s polnilom",
    "lists": [
      4986
    ],
    "preview": false,
    "category_breadcrumbs": [
      {
        "id": "10068374",
        "name": "Hrana in pijača",
        "url": "/c/hrana-in-pijaca/s10068374",
        "hidden": false
      },
      {
        "id": "10071044",
        "name": "Prigrizki in sladkarije",
        "url": "/h/prigrizki-in-sladkarije/h10071044",
        "hidden": false
      }
    ],
    "campaigns": [
      {
        "id": "Current_Sales_Week",
        "name": "Ta teden",
        "url": null,
        "hidden": false
      },
      {
        "id": "10074808",
        "name": "Tvoja Lidl cena",
        "url": "/c/tvoja-lidl-cena/a10074808",
        "hidden": false
      }
    ],
    "world_of_needs_code": "1721",
    "world_of_needs_name": "Prigrizki in slaščice",
    "world_of_needs_parent": "17",
    "is_main_category": true,
    "super_categories": [
      {
        "code": "17",
        "name": "Hrana in bližnja hrana",
        "parent": "0"
      },
      {
        "code": "0",
        "name": "Svetovi potreb",
        "parent": ""
      }
    ],
    "position": 411,
    "tracking_payload": {
      "searchTrackingMasterId": "Product.10079147",
      "searchTrackingTitle": "Bonboni+s+polnilom",
      "searchTrackingPageSize": 100,
      "searchTrackingPage": 5,
      "searchTrackingEvent": "click",
      "list": "search",
      "searchTrackingId": "Product.10079147",
      "searchTrackingOrigPos": 1,
      "searchTrackingPos": 411,
      "searchTrackingOrigPageSize": 100,
      "searchTrackingChannel": "SI",
      "category": "Food"
    }
  },
  {
    "code": "10079159",
    "name": "Lokavski pršut XXL",
    "url": "",
    "result_class": "product",
    "type": "product",
    "product_id": 10079159,
    "erp_number": "10079159",
    "item_id": 10079159,
    "full_title": "PRŠUTARNA LOKEV Lokavski pršut XXL",
    "title": "Lokavski pršut XXL",
    "category": "Food",
    "product_type": "RETAIL",
    "age_restriction": false,
    "is_used_product": false,
    "multipack": false,
    "online": false,
    "store": true,
    "quick_add_to_cart": false,
    "flash_sales": false,
    "having_videos": false,
    "having_threesixty": false,
    "price": 3.29,
    "old_price": 0.0,
    "currency_code": "EUR",
    "currency_symbol": "€",
    "has_star": true,
    "has_vat": false,
    "price_theme": "white_red",
    "variants_have_different_prices": false,
    "base_price_text": "1 kg = 21.93",
    "base_price_prefix": false,
    "packaging_text": "150 g",
    "discount_deleted_price": null,
    "discount_text": "+ 50 % GRATIS!**",
    "discount_percentage": null,
    "discount_has_star": false,
    "show_discount": false,
    "show_percentage": false,
    "from_recommended_price": false,
    "availability_indicator": 0,
    "online_available": false,
    "min_orderable_quantity": 1,
    "orderable_quantities": [],
    "badge_texts": [
      "V trgovini od 03.07. do 09.07."
    ],
    "badge_types": [
      "IN_STORE_PAST_DATE_RANGE"
    ],
    "main_image": "https://imgproxy-retcat.assets.schwarz/6umNzPAIC5bnJaesQzL8xJu_n-wjQ5K1Am6AFULxBCQ/sm:1/w:427/h:320/cz/M6Ly9wcm9kLWNhd/GFsb2ctbWVkaWEvc2kvMS84QjM5QjJENDAwNDU3MjJGRDUzMUJFRUI/5MzFGRjUzOEQ1QUZFODFCODdEMzI0MjAwRTUwQURDQjMyMTFFMEQwLmpwZw.jpg",
    "image_list": [
      "https://imgproxy-retcat.assets.schwarz/6umNzPAIC5bnJaesQzL8xJu_n-wjQ5K1Am6AFULxBCQ/sm:1/w:427/h:320/cz/M6Ly9wcm9kLWNhd/GFsb2ctbWVkaWEvc2kvMS84QjM5QjJENDAwNDU3MjJGRDUzMUJFRUI/5MzFGRjUzOEQ1QUZFODFCODdEMzI0MjAwRTUwQURDQjMyMTFFMEQwLmpwZw.jpg"
    ],
    "image_accessibility": "Paket XL tanke rezine šunke Jamnica.",
    "detailed_images": [
      {
        "url": "https://imgproxy-retcat.assets.schwarz/6umNzPAIC5bnJaesQzL8xJu_n-wjQ5K1Am6AFULxBCQ/sm:1/w:427/h:320/cz/M6Ly9wcm9kLWNhd/GFsb2ctbWVkaWEvc2kvMS84QjM5QjJENDAwNDU3MjJGRDUzMUJFRUI/5MzFGRjUzOEQ1QUZFODFCODdEMzI0MjAwRTUwQURDQjMyMTFFMEQwLmpwZw.jpg",
        "accessibility": "Paket XL tanke rezine šunke Jamnica."
      }
    ],
    "analytics_category": "Food",
    "more_details": "Dodatne podrobnosti o izdelku",
    "won_category_primary": "Svetovi potreb/Hrana in bližnja hrana/Klobase in meso",
    "won_category_primary_path": "0/17/1717",
    "canonical_path": "/p/prsutarna-lokev-lokavski-prsut-xxl/p10079159",
    "canonical_url": "/p/prsutarna-lokev-lokavski-prsut-xxl/p10079159",
    "awards": [],
    "seals": [
      {
        "altText": "Slovenski izdelek",
        "image": "https://imgproxy-retcat.assets.schwarz/065GlWscfuyzRNlqdEjgEaZNE6893872XSglFaanlJA/sm:1/w:140/cz/M6Ly9wcm9kLWNhd/GFsb2ctbWVkaWEvc2kvMi83RTk4NkYyRDk1MTlDRUJBNzA1N0JGMzA/1QjA1NjUyRjVCMjMzNzZGRjY4MzVEREFGQzIwQzE5NDVFQUE5M0RCLnBuZw.png"
      },
      {
        "altText": "Nalepka: Hlajeno",
        "image": "https://imgproxy-retcat.assets.schwarz/7x3Iby7aD19hFySDnP2YoXt7E1r0JrvJVj0QO1gUOes/sm:1/w:140/cz/M6Ly9wcm9kLWNhd/GFsb2ctbWVkaWEvc2kvMi8xMzFBN0E2RDlCREZGREQxOEE2OTFDNEZ/FNDE5RTM0QUMxQjY4OEQ0OUY2QTAxMTRDRjQ1RjdCNTNDRjM2NUJBLnBuZw.png"
      }
    ],
    "ribbons": [],
    "highlighted_seals": 0,
    "lidl_plus": [],
    "regions": [],
    "ians": [
      "7300617"
    ],
    "show_brand": true,
    "deal_of_day_active": false,
    "full_title_meta": "PRŠUTARNA LOKEV Lokavski pršut XXL",
    "lists": [
      4986
    ],
    "preview": false,
    "category_breadcrumbs": [
      {
        "id": "10068374",
        "name": "Hrana in pijača",
        "url": "/c/hrana-in-pijaca/s10068374",
        "hidden": false
      },
      {
        "id": "10071016",
        "name": "Meso in mesni izdelki",
        "url": "/h/meso-in-mesni-izdelki/h10071016",
        "hidden": false
      }
    ],
    "campaigns": [
      {
        "id": "Current_Sales_Week",
        "name": "Ta teden",
        "url": null,
        "hidden": false
      },
      {
        "id": "10074808",
        "name": "Tvoja Lidl cena",
        "url": "/c/tvoja-lidl-cena/a10074808",
        "hidden": false
      }
    ],
    "world_of_needs_code": "1717",
    "world_of_needs_name": "Klobase in meso",
    "world_of_needs_parent": "17",
    "is_main_category": true,
    "super_categories": [
      {
        "code": "17",
        "name": "Hrana in bližnja hrana",
        "parent": "0"
      },
      {
        "code": "0",
        "name": "Svetovi potreb",
        "parent": ""
      }
    ],
    "position": 412,
    "tracking_payload": {
      "searchTrackingMasterId": "Product.10079159",
      "searchTrackingTitle": "Lokavski+pr%C5%A1ut+XXL",
      "searchTrackingPageSize": 100,
      "searchTrackingPage": 5,
      "searchTrackingEvent": "click",
      "list": "search",
      "searchTrackingId": "Product.10079159",
      "searchTrackingOrigPos": 1,
      "searchTrackingPos": 412,
      "searchTrackingOrigPageSize": 100,
      "searchTrackingChannel": "SI",
      "category": "Food"
    }
  },
  {
    "code": "10079754",
    "name": "Medena torta",
    "url": "",
    "result_class": "product",
    "type": "product",
    "product_id": 10079754,
    "erp_number": "10079754",
    "item_id": 10079754,
    "full_title": "MARLENKA Medena torta",
    "title": "Medena torta",
    "category": "Food",
    "product_type": "RETAIL",
    "age_restriction": false,
    "is_used_product": false,
    "multipack": false,
    "online": false,
    "store": true,
    "quick_add_to_cart": false,
    "flash_sales": false,
    "having_videos": false,
    "having_threesixty": false,
    "price": 9.99,
    "old_price": 0.0,
    "currency_code": "EUR",
    "currency_symbol": "€",
    "has_star": true,
    "has_vat": false,
    "price_theme": "white_red",
    "variants_have_different_prices": false,
    "base_price_text": "1 kg = 12.49",
    "base_price_prefix": false,
    "packaging_text": "800 g",
    "discount_deleted_price": null,
    "discount_text": "ZGRABITE PRILOŽNOST!",
    "discount_percentage": null,
    "discount_has_star": false,
    "show_discount": false,
    "show_percentage": false,
    "from_recommended_price": false,
    "availability_indicator": 0,
    "online_available": false,
    "min_orderable_quantity": 1,
    "orderable_quantities": [],
    "badge_texts": [
      "V trgovini od 03.07. do 09.07."
    ],
    "badge_types": [
      "IN_STORE_PAST_DATE_RANGE"
    ],
    "main_image": "https://imgproxy-retcat.assets.schwarz/RWHsUm3uWg5OwKrbHoflzDUn0Syj2RMjFeEQMGTV2AA/sm:1/w:427/h:320/cz/M6Ly9wcm9kLWNhd/GFsb2ctbWVkaWEvc2kvMS8wMkIyODFFRDA3NjhGMjZDNDE0NzIzMjI/zMUY4M0YzMUE5MkM3NDgwNDAzRDEwOUUxNTU1QzQ3NjU3NzFENDc1LmpwZw.jpg",
    "image_list": [
      "https://imgproxy-retcat.assets.schwarz/RWHsUm3uWg5OwKrbHoflzDUn0Syj2RMjFeEQMGTV2AA/sm:1/w:427/h:320/cz/M6Ly9wcm9kLWNhd/GFsb2ctbWVkaWEvc2kvMS8wMkIyODFFRDA3NjhGMjZDNDE0NzIzMjI/zMUY4M0YzMUE5MkM3NDgwNDAzRDEwOUUxNTU1QzQ3NjU3NzFENDc1LmpwZw.jpg",
      "https://imgproxy-retcat.assets.schwarz/K5kAOrrrpDH_pKCEf7yckYH7E3XDSCCH_gqBRuR7KdE/sm:1/w:427/h:320/cz/M6Ly9wcm9kLWNhd/GFsb2ctbWVkaWEvc2kvMS9GOTM5MEZFNEExQzJBRkRGMEEyMTNBMzM/1MEE5NUQ3N0QyMjQ1MDg4ODY5NzlGRjEwRkQzRTc4Q0NEODVENkUzLmpwZw.jpg",
      "https://imgproxy-retcat.assets.schwarz/COO8W4Tq5sXInk9L_J6PKy3qD4ZxjswTXm899vdZjTo/sm:1/w:427/h:320/cz/M6Ly9wcm9kLWNhd/GFsb2ctbWVkaWEvc2kvMS80NUE5OUIwRDA1OEJEQTFEM0E3MDYxRkR/CNTBFMTU5MzQ1ODE0OTQzODY5RDU2Q0M1MUFFQjU4OUE2MTVEMjExLmpwZw.jpg"
    ],
    "image_accessibility": "Marlenka medenjak, čokoladna torta z medom.",
    "detailed_images": [
      {
        "url": "https://imgproxy-retcat.assets.schwarz/RWHsUm3uWg5OwKrbHoflzDUn0Syj2RMjFeEQMGTV2AA/sm:1/w:427/h:320/cz/M6Ly9wcm9kLWNhd/GFsb2ctbWVkaWEvc2kvMS8wMkIyODFFRDA3NjhGMjZDNDE0NzIzMjI/zMUY4M0YzMUE5MkM3NDgwNDAzRDEwOUUxNTU1QzQ3NjU3NzFENDc1LmpwZw.jpg",
        "accessibility": "Marlenka medenjak, čokoladna torta z medom."
      },
      {
        "url": "https://imgproxy-retcat.assets.schwarz/K5kAOrrrpDH_pKCEf7yckYH7E3XDSCCH_gqBRuR7KdE/sm:1/w:427/h:320/cz/M6Ly9wcm9kLWNhd/GFsb2ctbWVkaWEvc2kvMS9GOTM5MEZFNEExQzJBRkRGMEEyMTNBMzM/1MEE5NUQ3N0QyMjQ1MDg4ODY5NzlGRjEwRkQzRTc4Q0NEODVENkUzLmpwZw.jpg",
        "accessibility": "Marlenka medenjak, okus kakava."
      },
      {
        "url": "https://imgproxy-retcat.assets.schwarz/COO8W4Tq5sXInk9L_J6PKy3qD4ZxjswTXm899vdZjTo/sm:1/w:427/h:320/cz/M6Ly9wcm9kLWNhd/GFsb2ctbWVkaWEvc2kvMS80NUE5OUIwRDA1OEJEQTFEM0E3MDYxRkR/CNTBFMTU5MzQ1ODE0OTQzODY5RDU2Q0M1MUFFQjU4OUE2MTVEMjExLmpwZw.jpg",
        "accessibility": "Kosček čokoladne torte z medom in kakaom."
      }
    ],
    "analytics_category": "Food",
    "more_details": "Dodatne podrobnosti o izdelku",
    "won_category_primary": "Svetovi potreb/Hrana in bližnja hrana/Džem, marmelada in med",
    "won_category_primary_path": "0/17/1712",
    "canonical_path": "/p/marlenka-medena-torta/p10079754",
    "canonical_url": "/p/marlenka-medena-torta/p10079754",
    "awards": [],
    "seals": [],
    "ribbons": [],
    "highlighted_seals": 0,
    "lidl_plus": [],
    "regions": [],
    "ians": [
      "6702921"
    ],
    "show_brand": true,
    "deal_of_day_active": false,
    "full_title_meta": "MARLENKA Medena torta",
    "lists": [
      4986
    ],
    "preview": false,
    "category_breadcrumbs": [
      {
        "id": "10068374",
        "name": "Hrana in pijača",
        "url": "/c/hrana-in-pijaca/s10068374",
        "hidden": false
      },
      {
        "id": "10071684",
        "name": "Džemi in namazi",
        "url": "/h/dzemi-in-namazi/h10071684",
        "hidden": false
      }
    ],
    "campaigns": [
      {
        "id": "Current_Sales_Week",
        "name": "Ta teden",
        "url": null,
        "hidden": false
      },
      {
        "id": "10074808",
        "name": "Tvoja Lidl cena",
        "url": "/c/tvoja-lidl-cena/a10074808",
        "hidden": false
      }
    ],
    "world_of_needs_code": "1712",
    "world_of_needs_name": "Džem, marmelada in med",
    "world_of_needs_parent": "17",
    "is_main_category": true,
    "super_categories": [
      {
        "code": "17",
        "name": "Hrana in bližnja hrana",
        "parent": "0"
      },
      {
        "code": "0",
        "name": "Svetovi potreb",
        "parent": ""
      }
    ],
    "position": 413,
    "tracking_payload": {
      "searchTrackingMasterId": "Product.10079754",
      "searchTrackingTitle": "Medena+torta",
      "searchTrackingPageSize": 100,
      "searchTrackingPage": 5,
      "searchTrackingEvent": "click",
      "list": "search",
      "searchTrackingId": "Product.10079754",
      "searchTrackingOrigPos": 1,
      "searchTrackingPos": 413,
      "searchTrackingOrigPageSize": 100,
      "searchTrackingChannel": "SI",
      "category": "Food"
    }
  },
  {
    "code": "10081998",
    "name": "Piščančja posebna",
    "url": "",
    "result_class": "product",
    "type": "product",
    "product_id": 10081998,
    "erp_number": "10081998",
    "item_id": 10081998,
    "full_title": "NAŠE NAM PAŠE Piščančja posebna",
    "title": "Piščančja posebna",
    "category": "Food",
    "product_type": "RETAIL",
    "age_restriction": false,
    "is_used_product": false,
    "multipack": false,
    "online": false,
    "store": true,
    "quick_add_to_cart": false,
    "flash_sales": false,
    "having_videos": false,
    "having_threesixty": false,
    "price": null,
    "old_price": null,
    "currency_code": "EUR",
    "currency_symbol": "€",
    "has_star": true,
    "has_vat": false,
    "price_theme": null,
    "variants_have_different_prices": false,
    "base_price_text": null,
    "base_price_prefix": null,
    "packaging_text": null,
    "discount_deleted_price": null,
    "discount_text": null,
    "discount_percentage": null,
    "discount_has_star": null,
    "show_discount": null,
    "show_percentage": null,
    "from_recommended_price": null,
    "availability_indicator": 0,
    "online_available": false,
    "min_orderable_quantity": 1,
    "orderable_quantities": [],
    "badge_texts": [
      "V trgovini od 03.07. do 09.07."
    ],
    "badge_types": [
      "IN_STORE_PAST_DATE_RANGE"
    ],
    "main_image": "https://imgproxy-retcat.assets.schwarz/ENvPswadJESmkfEdCQD6lpydtZGxwxCzgaoTTanxBhw/sm:1/w:427/h:320/cz/M6Ly9wcm9kLWNhd/GFsb2ctbWVkaWEvc2kvMS9GNTEwREYxNEZBODdFMTE2RjBEOUNGNDc/1MDI1Mzk2MDRCMjMyMzZCNjk4MjBBMjVFRjE5NTcxNjdBQzhBM0YzLmpwZw.jpg",
    "image_list": [
      "https://imgproxy-retcat.assets.schwarz/ENvPswadJESmkfEdCQD6lpydtZGxwxCzgaoTTanxBhw/sm:1/w:427/h:320/cz/M6Ly9wcm9kLWNhd/GFsb2ctbWVkaWEvc2kvMS9GNTEwREYxNEZBODdFMTE2RjBEOUNGNDc/1MDI1Mzk2MDRCMjMyMzZCNjk4MjBBMjVFRjE5NTcxNjdBQzhBM0YzLmpwZw.jpg"
    ],
    "image_accessibility": "Paket in rezine kuhane klobase na leseni deski.",
    "detailed_images": [
      {
        "url": "https://imgproxy-retcat.assets.schwarz/ENvPswadJESmkfEdCQD6lpydtZGxwxCzgaoTTanxBhw/sm:1/w:427/h:320/cz/M6Ly9wcm9kLWNhd/GFsb2ctbWVkaWEvc2kvMS9GNTEwREYxNEZBODdFMTE2RjBEOUNGNDc/1MDI1Mzk2MDRCMjMyMzZCNjk4MjBBMjVFRjE5NTcxNjdBQzhBM0YzLmpwZw.jpg",
        "accessibility": "Paket in rezine kuhane klobase na leseni deski."
      }
    ],
    "analytics_category": "Food",
    "more_details": "Dodatne podrobnosti o izdelku",
    "won_category_primary": "Svetovi potreb/Hrana in bližnja hrana/Klobase in meso",
    "won_category_primary_path": "0/17/1717",
    "canonical_path": "/p/nase-nam-pase-piscancja-posebna/p10081998",
    "canonical_url": "/p/nase-nam-pase-piscancja-posebna/p10081998",
    "awards": [],
    "seals": [
      {
        "altText": "Logotip Lidl Plus",
        "image": "https://imgproxy-retcat.assets.schwarz/DjNLhjIEpHeUFO-WYf3wploAS16YAf6tVgt5EMshyFs/sm:1/w:140/cz/M6Ly9wcm9kLWNhd/GFsb2ctbWVkaWEvc2kvMi9BMEU2QkJCNEZCQTZENzlEQ0MzRDRFOEM/2REREODBCRjMwQUNFQjJBMDBGREI4RjI1M0Y3MDYzOTFFMTg3RUVGLnBuZw.png"
      },
      {
        "altText": "Nalepka: IZBRANA KAKOVOST, dva diamanti",
        "image": "https://imgproxy-retcat.assets.schwarz/wtd5_GfhfuyCgNwAfOv49gnGT4Rn6TY8NjywUVGixAk/sm:1/w:140/cz/M6Ly9wcm9kLWNhd/GFsb2ctbWVkaWEvc2kvMi9ERjg3RTE1MjgwMUFGRjI2RTRDNEZCMTc/zMkQ1NjRFODNBNzZEN0IxNUQ5MDY2Q0U4RDAxMEY5MTUzMzkyQjRCLnBuZw.png"
      }
    ],
    "ribbons": [],
    "highlighted_seals": 0,
    "lidl_plus": [
      {
        "price": {
          "basePrice": {
            "prefix": false,
            "text": "1 kg = 2.88"
          },
          "discount": {
            "deletedPrice": 1.69,
            "discountHasStar": false,
            "discountText": "- 31 %",
            "fromRecommendedPrice": false,
            "showDiscount": true,
            "showFrom": false,
            "showPercentage": true,
            "showUpTo": false
          },
          "displayedCurrency": "€",
          "hasStar": true,
          "hasVat": false,
          "oldPrice": 1.69,
          "packaging": {
            "text": "400 g"
          },
          "price": 1.15,
          "priceTheme": "red_yellow",
          "specialTaxes": []
        },
        "lidlPlusText": "z Lidl Plus",
        "highlightText": "- 31 %"
      }
    ],
    "regions": [],
    "ians": [
      "7303955"
    ],
    "show_brand": true,
    "deal_of_day_active": false,
    "full_title_meta": "NAŠE NAM PAŠE Piščančja posebna",
    "lists": [
      4986
    ],
    "preview": false,
    "category_breadcrumbs": [
      {
        "id": "10068374",
        "name": "Hrana in pijača",
        "url": "/c/hrana-in-pijaca/s10068374",
        "hidden": false
      },
      {
        "id": "10071016",
        "name": "Meso in mesni izdelki",
        "url": "/h/meso-in-mesni-izdelki/h10071016",
        "hidden": false
      }
    ],
    "campaigns": [
      {
        "id": "Current_Sales_Week",
        "name": "Ta teden",
        "url": null,
        "hidden": false
      },
      {
        "id": "10024188",
        "name": "Lidl Plus",
        "url": "/c/lidl-plus/a10024188",
        "hidden": false
      }
    ],
    "world_of_needs_code": "1717",
    "world_of_needs_name": "Klobase in meso",
    "world_of_needs_parent": "17",
    "is_main_category": true,
    "super_categories": [
      {
        "code": "17",
        "name": "Hrana in bližnja hrana",
        "parent": "0"
      },
      {
        "code": "0",
        "name": "Svetovi potreb",
        "parent": ""
      }
    ],
    "position": 414,
    "tracking_payload": {
      "searchTrackingMasterId": "Product.10081998",
      "searchTrackingTitle": "Pi%C5%A1%C4%8Dan%C4%8Dja+posebna",
      "searchTrackingPageSize": 100,
      "searchTrackingPage": 5,
      "searchTrackingEvent": "click",
      "list": "search",
      "searchTrackingId": "Product.10081998",
      "searchTrackingOrigPos": 1,
      "searchTrackingPos": 414,
      "searchTrackingOrigPageSize": 100,
      "searchTrackingChannel": "SI",
      "category": "Food"
    }
  },
  {
    "code": "10081988",
    "name": "Sir Ementalec",
    "url": "",
    "result_class": "product",
    "type": "product",
    "product_id": 10081988,
    "erp_number": "10081988",
    "item_id": 10081988,
    "full_title": "MILBONA Sir Ementalec",
    "title": "Sir Ementalec",
    "category": "Food",
    "product_type": "RETAIL",
    "age_restriction": false,
    "is_used_product": false,
    "multipack": false,
    "online": false,
    "store": true,
    "quick_add_to_cart": false,
    "flash_sales": false,
    "having_videos": false,
    "having_threesixty": false,
    "price": null,
    "old_price": null,
    "currency_code": "EUR",
    "currency_symbol": "€",
    "has_star": true,
    "has_vat": false,
    "price_theme": null,
    "variants_have_different_prices": false,
    "base_price_text": null,
    "base_price_prefix": null,
    "packaging_text": null,
    "discount_deleted_price": null,
    "discount_text": null,
    "discount_percentage": null,
    "discount_has_star": null,
    "show_discount": null,
    "show_percentage": null,
    "from_recommended_price": null,
    "availability_indicator": 0,
    "online_available": false,
    "min_orderable_quantity": 1,
    "orderable_quantities": [],
    "badge_texts": [
      "V trgovini od 03.07. do 09.07."
    ],
    "badge_types": [
      "IN_STORE_PAST_DATE_RANGE"
    ],
    "main_image": "https://imgproxy-retcat.assets.schwarz/k-wllfuFl7KnBiP3cpe9TuQXkLMOPaBrNqkGdIkZhMs/sm:1/w:427/h:320/cz/M6Ly9wcm9kLWNhd/GFsb2ctbWVkaWEvc2kvMS8yMjA5Qzc5RDIxNTA2MzE5MzM1N0NFOUY/5RkM5MjRGQzNEMDI3MEFDNjZCNjQ2RkFCRUVCN0UyQUREQzBCM0YxLmpwZw.jpg",
    "image_list": [
      "https://imgproxy-retcat.assets.schwarz/k-wllfuFl7KnBiP3cpe9TuQXkLMOPaBrNqkGdIkZhMs/sm:1/w:427/h:320/cz/M6Ly9wcm9kLWNhd/GFsb2ctbWVkaWEvc2kvMS8yMjA5Qzc5RDIxNTA2MzE5MzM1N0NFOUY/5RkM5MjRGQzNEMDI3MEFDNjZCNjQ2RkFCRUVCN0UyQUREQzBCM0YxLmpwZw.jpg"
    ],
    "image_accessibility": "Paket narezkov sira Lurpak.",
    "detailed_images": [
      {
        "url": "https://imgproxy-retcat.assets.schwarz/k-wllfuFl7KnBiP3cpe9TuQXkLMOPaBrNqkGdIkZhMs/sm:1/w:427/h:320/cz/M6Ly9wcm9kLWNhd/GFsb2ctbWVkaWEvc2kvMS8yMjA5Qzc5RDIxNTA2MzE5MzM1N0NFOUY/5RkM5MjRGQzNEMDI3MEFDNjZCNjQ2RkFCRUVCN0UyQUREQzBCM0YxLmpwZw.jpg",
        "accessibility": "Paket narezkov sira Lurpak."
      }
    ],
    "analytics_category": "Food",
    "more_details": "Dodatne podrobnosti o izdelku",
    "won_category_primary": "Svetovi potreb/Hrana in bližnja hrana/Sir in mlečni izdelki (vključno z maslom in sirom)",
    "won_category_primary_path": "0/17/1718",
    "canonical_path": "/p/milbona-sir-ementalec/p10081988",
    "canonical_url": "/p/milbona-sir-ementalec/p10081988",
    "awards": [],
    "seals": [
      {
        "altText": "Logotip Lidl Plus",
        "image": "https://imgproxy-retcat.assets.schwarz/DjNLhjIEpHeUFO-WYf3wploAS16YAf6tVgt5EMshyFs/sm:1/w:140/cz/M6Ly9wcm9kLWNhd/GFsb2ctbWVkaWEvc2kvMi9BMEU2QkJCNEZCQTZENzlEQ0MzRDRFOEM/2REREODBCRjMwQUNFQjJBMDBGREI4RjI1M0Y3MDYzOTFFMTg3RUVGLnBuZw.png"
      },
      {
        "altText": "Nalepka: Hlajeno",
        "image": "https://imgproxy-retcat.assets.schwarz/7x3Iby7aD19hFySDnP2YoXt7E1r0JrvJVj0QO1gUOes/sm:1/w:140/cz/M6Ly9wcm9kLWNhd/GFsb2ctbWVkaWEvc2kvMi8xMzFBN0E2RDlCREZGREQxOEE2OTFDNEZ/FNDE5RTM0QUMxQjY4OEQ0OUY2QTAxMTRDRjQ1RjdCNTNDRjM2NUJBLnBuZw.png"
      }
    ],
    "ribbons": [],
    "highlighted_seals": 0,
    "lidl_plus": [
      {
        "price": {
          "basePrice": {
            "prefix": false,
            "text": "1 kg = 6.24"
          },
          "discount": {
            "deletedPrice": 6.75,
            "discountHasStar": false,
            "discountText": "- 26 %",
            "fromRecommendedPrice": false,
            "showDiscount": true,
            "showFrom": false,
            "showPercentage": true,
            "showUpTo": false
          },
          "displayedCurrency": "€",
          "hasStar": true,
          "hasVat": false,
          "oldPrice": 6.75,
          "packaging": {
            "text": "800 g"
          },
          "price": 4.99,
          "priceTheme": "red_yellow",
          "specialTaxes": []
        },
        "lidlPlusText": "z Lidl Plus",
        "highlightText": "- 26 %"
      }
    ],
    "regions": [],
    "ians": [
      "187314"
    ],
    "show_brand": true,
    "deal_of_day_active": false,
    "full_title_meta": "MILBONA Sir Ementalec",
    "lists": [
      4986
    ],
    "preview": false,
    "category_breadcrumbs": [
      {
        "id": "10068374",
        "name": "Hrana in pijača",
        "url": "/c/hrana-in-pijaca/s10068374",
        "hidden": false
      },
      {
        "id": "10071017",
        "name": " Sir &  Mlečni izdelki",
        "url": "/h/sir-mlecni-izdelki/h10071017",
        "hidden": false
      }
    ],
    "campaigns": [
      {
        "id": "Current_Sales_Week",
        "name": "Ta teden",
        "url": null,
        "hidden": false
      },
      {
        "id": "10024188",
        "name": "Lidl Plus",
        "url": "/c/lidl-plus/a10024188",
        "hidden": false
      }
    ],
    "world_of_needs_code": "1718",
    "world_of_needs_name": "Sir in mlečni izdelki (vključno z maslom in sirom)",
    "world_of_needs_parent": "17",
    "is_main_category": true,
    "super_categories": [
      {
        "code": "17",
        "name": "Hrana in bližnja hrana",
        "parent": "0"
      },
      {
        "code": "0",
        "name": "Svetovi potreb",
        "parent": ""
      }
    ],
    "position": 415,
    "tracking_payload": {
      "searchTrackingMasterId": "Product.10081988",
      "searchTrackingTitle": "Sir+Ementalec",
      "searchTrackingPageSize": 100,
      "searchTrackingPage": 5,
      "searchTrackingEvent": "click",
      "list": "search",
      "searchTrackingId": "Product.10081988",
      "searchTrackingOrigPos": 1,
      "searchTrackingPos": 415,
      "searchTrackingOrigPageSize": 100,
      "searchTrackingChannel": "SI",
      "category": "Food"
    }
  },
  {
    "code": "10082010",
    "name": "Premium pivo",
    "url": "",
    "result_class": "product",
    "type": "product",
    "product_id": 10082010,
    "erp_number": "10082010",
    "item_id": 10082010,
    "full_title": "ARGUS Premium pivo",
    "title": "Premium pivo",
    "category": "Food",
    "product_type": "RETAIL",
    "age_restriction": false,
    "is_used_product": false,
    "multipack": false,
    "online": false,
    "store": true,
    "quick_add_to_cart": false,
    "flash_sales": false,
    "having_videos": false,
    "having_threesixty": false,
    "price": 0.62,
    "old_price": 0.0,
    "currency_code": "EUR",
    "currency_symbol": "€",
    "has_star": true,
    "has_vat": false,
    "price_theme": "white_red",
    "variants_have_different_prices": false,
    "base_price_text": "1 l = 1.24",
    "base_price_prefix": false,
    "packaging_text": "cena za kos ob nakupu 18 kosov",
    "discount_deleted_price": null,
    "discount_text": "14+4 GRATIS",
    "discount_percentage": null,
    "discount_has_star": false,
    "show_discount": false,
    "show_percentage": false,
    "from_recommended_price": false,
    "availability_indicator": 0,
    "online_available": false,
    "min_orderable_quantity": 1,
    "orderable_quantities": [],
    "badge_texts": [
      "V trgovini od 03.07. do 09.07."
    ],
    "badge_types": [
      "IN_STORE_PAST_DATE_RANGE"
    ],
    "main_image": "https://imgproxy-retcat.assets.schwarz/l6O2aR4npeLZzABbt_nXyGQdGyWg2RwuR-V2pJAMJks/sm:1/w:427/h:320/cz/M6Ly9wcm9kLWNhd/GFsb2ctbWVkaWEvc2kvMS80MEQ0RjQ4RjBGRDZGMkIwNTQxMzI5Mzl/BQkEwNDdFOTZCRjA2MzRBOTYwNjYzNTY1RkRGMkQ4N0Q1RUZCMTFELmpwZw.jpg",
    "image_list": [
      "https://imgproxy-retcat.assets.schwarz/l6O2aR4npeLZzABbt_nXyGQdGyWg2RwuR-V2pJAMJks/sm:1/w:427/h:320/cz/M6Ly9wcm9kLWNhd/GFsb2ctbWVkaWEvc2kvMS80MEQ0RjQ4RjBGRDZGMkIwNTQxMzI5Mzl/BQkEwNDdFOTZCRjA2MzRBOTYwNjYzNTY1RkRGMkQ4N0Q1RUZCMTFELmpwZw.jpg",
      "https://imgproxy-retcat.assets.schwarz/WZo0v8VL-Y9swekG2cCRmP1d-y56PsnWJV5jiaYtrmU/sm:1/w:427/h:320/cz/M6Ly9wcm9kLWNhd/GFsb2ctbWVkaWEvc2kvMS85NjIwMTE2QzAyNjExRkI3NDZGMzIyODA/1RkU3NkM1QUFBRUE0MDE0M0FFMEE4MzY4NzBEMTkyODI0REIzQTI1LmpwZw.jpg",
      "https://imgproxy-retcat.assets.schwarz/mvVgKaElwaqqrVxVPfQHKZVINkVPFRKly9HNevLDjGk/sm:1/w:427/h:320/cz/M6Ly9wcm9kLWNhd/GFsb2ctbWVkaWEvc2kvMS80RTQ0QkE1NzFENkJBOTMxODhFMkY4NjY/zMEFEN0IwOEI2RjBDQUFEM0EwMDg0RjdCQ0QyMkMzNzYwRjNENjQyLmpwZw.jpg"
    ],
    "image_accessibility": "24 pločevink piva Argus Lager v kartonski embalaži.",
    "detailed_images": [
      {
        "url": "https://imgproxy-retcat.assets.schwarz/l6O2aR4npeLZzABbt_nXyGQdGyWg2RwuR-V2pJAMJks/sm:1/w:427/h:320/cz/M6Ly9wcm9kLWNhd/GFsb2ctbWVkaWEvc2kvMS80MEQ0RjQ4RjBGRDZGMkIwNTQxMzI5Mzl/BQkEwNDdFOTZCRjA2MzRBOTYwNjYzNTY1RkRGMkQ4N0Q1RUZCMTFELmpwZw.jpg",
        "accessibility": "24 pločevink piva Argus Lager v kartonski embalaži."
      },
      {
        "url": "https://imgproxy-retcat.assets.schwarz/WZo0v8VL-Y9swekG2cCRmP1d-y56PsnWJV5jiaYtrmU/sm:1/w:427/h:320/cz/M6Ly9wcm9kLWNhd/GFsb2ctbWVkaWEvc2kvMS85NjIwMTE2QzAyNjExRkI3NDZGMzIyODA/1RkU3NkM1QUFBRUE0MDE0M0FFMEE4MzY4NzBEMTkyODI0REIzQTI1LmpwZw.jpg",
        "accessibility": "24 pločevink piva Argus v kartonski embalaži."
      },
      {
        "url": "https://imgproxy-retcat.assets.schwarz/mvVgKaElwaqqrVxVPfQHKZVINkVPFRKly9HNevLDjGk/sm:1/w:427/h:320/cz/M6Ly9wcm9kLWNhd/GFsb2ctbWVkaWEvc2kvMS80RTQ0QkE1NzFENkJBOTMxODhFMkY4NjY/zMEFEN0IwOEI2RjBDQUFEM0EwMDg0RjdCQ0QyMkMzNzYwRjNENjQyLmpwZw.jpg",
        "accessibility": "Pivo Argus Lager v pločevinki."
      }
    ],
    "analytics_category": "Food",
    "more_details": "Dodatne podrobnosti o izdelku",
    "won_category_primary": "Svetovi potreb/Vino in žgane pijače/Pivo",
    "won_category_primary_path": "0/10/1014",
    "canonical_path": "/p/argus-premium-pivo/p10082010",
    "canonical_url": "/p/argus-premium-pivo/p10082010",
    "awards": [],
    "seals": [],
    "ribbons": [],
    "highlighted_seals": 0,
    "lidl_plus": [],
    "regions": [],
    "ians": [
      "5500311"
    ],
    "show_brand": true,
    "deal_of_day_active": false,
    "full_title_meta": "ARGUS Premium pivo",
    "lists": [
      4986
    ],
    "preview": false,
    "category_breadcrumbs": [
      {
        "id": "10068374",
        "name": "Hrana in pijača",
        "url": "/c/hrana-in-pijaca/s10068374",
        "hidden": false
      },
      {
        "id": "10071687",
        "name": "Vina in žgane pijače",
        "url": "/h/vina-in-zgane-pijace/h10071687",
        "hidden": false
      }
    ],
    "campaigns": [
      {
        "id": "Current_Sales_Week",
        "name": "Ta teden",
        "url": null,
        "hidden": false
      },
      {
        "id": "10074808",
        "name": "Tvoja Lidl cena",
        "url": "/c/tvoja-lidl-cena/a10074808",
        "hidden": false
      }
    ],
    "world_of_needs_code": "1014",
    "world_of_needs_name": "Pivo",
    "world_of_needs_parent": "10",
    "is_main_category": true,
    "super_categories": [
      {
        "code": "10",
        "name": "Vino in žgane pijače",
        "parent": "0"
      },
      {
        "code": "0",
        "name": "Svetovi potreb",
        "parent": ""
      }
    ],
    "position": 416,
    "tracking_payload": {
      "searchTrackingMasterId": "Product.10082010",
      "searchTrackingTitle": "Premium+pivo",
      "searchTrackingPageSize": 100,
      "searchTrackingPage": 5,
      "searchTrackingEvent": "click",
      "list": "search",
      "searchTrackingId": "Product.10082010",
      "searchTrackingOrigPos": 1,
      "searchTrackingPos": 416,
      "searchTrackingOrigPageSize": 100,
      "searchTrackingChannel": "SI",
      "category": "Food"
    }
  },
  {
    "code": "10082036",
    "name": "Sveže piščančje krače",
    "url": "",
    "result_class": "product",
    "type": "product",
    "product_id": 10082036,
    "erp_number": "10082036",
    "item_id": 10082036,
    "full_title": "NAŠE NAM PAŠE Sveže piščančje krače",
    "title": "Sveže piščančje krače",
    "category": "Food",
    "product_type": "RETAIL",
    "age_restriction": false,
    "is_used_product": false,
    "multipack": false,
    "online": false,
    "store": true,
    "quick_add_to_cart": false,
    "flash_sales": false,
    "having_videos": false,
    "having_threesixty": false,
    "price": 3.59,
    "old_price": 0.0,
    "currency_code": "EUR",
    "currency_symbol": "€",
    "has_star": true,
    "has_vat": false,
    "price_theme": "white_red",
    "variants_have_different_prices": false,
    "base_price_text": "pribl. 1,4 kg",
    "base_price_prefix": false,
    "packaging_text": "za kg",
    "discount_deleted_price": null,
    "discount_text": "PIKNIK PAKIRANJE!",
    "discount_percentage": null,
    "discount_has_star": false,
    "show_discount": false,
    "show_percentage": false,
    "from_recommended_price": false,
    "availability_indicator": 0,
    "online_available": false,
    "min_orderable_quantity": 1,
    "orderable_quantities": [],
    "badge_texts": [
      "V trgovini od 03.07. do 09.07."
    ],
    "badge_types": [
      "IN_STORE_PAST_DATE_RANGE"
    ],
    "main_image": "https://imgproxy-retcat.assets.schwarz/Xb7I050-tIT_EulidEbQrmHDWnjjxgXQ1xgX_ZplWxc/sm:1/w:427/h:320/cz/M6Ly9wcm9kLWNhd/GFsb2ctbWVkaWEvc2kvMS9BNDRBMkI5OTYwOUZDMkUyQkU1QzFCMjQ/2QUI4NjA3RTMyQ0ZGMzAzRDRBMDBGQjYxREJFM0NFNDc1MkFERjdFLmpwZw.jpg",
    "image_list": [
      "https://imgproxy-retcat.assets.schwarz/Xb7I050-tIT_EulidEbQrmHDWnjjxgXQ1xgX_ZplWxc/sm:1/w:427/h:320/cz/M6Ly9wcm9kLWNhd/GFsb2ctbWVkaWEvc2kvMS9BNDRBMkI5OTYwOUZDMkUyQkU1QzFCMjQ/2QUI4NjA3RTMyQ0ZGMzAzRDRBMDBGQjYxREJFM0NFNDc1MkFERjdFLmpwZw.jpg"
    ],
    "image_accessibility": "Pakiranje piščančjih golenic, pripravljeno za peko.",
    "detailed_images": [
      {
        "url": "https://imgproxy-retcat.assets.schwarz/Xb7I050-tIT_EulidEbQrmHDWnjjxgXQ1xgX_ZplWxc/sm:1/w:427/h:320/cz/M6Ly9wcm9kLWNhd/GFsb2ctbWVkaWEvc2kvMS9BNDRBMkI5OTYwOUZDMkUyQkU1QzFCMjQ/2QUI4NjA3RTMyQ0ZGMzAzRDRBMDBGQjYxREJFM0NFNDc1MkFERjdFLmpwZw.jpg",
        "accessibility": "Pakiranje piščančjih golenic, pripravljeno za peko."
      }
    ],
    "analytics_category": "Food",
    "more_details": "Dodatne podrobnosti o izdelku",
    "won_category_primary": "Svetovi potreb/Hrana in bližnja hrana/Klobase in meso",
    "won_category_primary_path": "0/17/1717",
    "canonical_path": "/p/nase-nam-pase-sveze-piscancje-krace/p10082036",
    "canonical_url": "/p/nase-nam-pase-sveze-piscancje-krace/p10082036",
    "awards": [],
    "seals": [
      {
        "altText": "Nalepka: IZBRANA KAKOVOST, dva diamanti",
        "image": "https://imgproxy-retcat.assets.schwarz/wtd5_GfhfuyCgNwAfOv49gnGT4Rn6TY8NjywUVGixAk/sm:1/w:140/cz/M6Ly9wcm9kLWNhd/GFsb2ctbWVkaWEvc2kvMi9ERjg3RTE1MjgwMUFGRjI2RTRDNEZCMTc/zMkQ1NjRFODNBNzZEN0IxNUQ5MDY2Q0U4RDAxMEY5MTUzMzkyQjRCLnBuZw.png"
      }
    ],
    "ribbons": [],
    "highlighted_seals": 0,
    "lidl_plus": [],
    "regions": [],
    "ians": [
      "7307868"
    ],
    "show_brand": true,
    "deal_of_day_active": false,
    "full_title_meta": "NAŠE NAM PAŠE Sveže piščančje krače",
    "lists": [
      4986
    ],
    "preview": false,
    "category_breadcrumbs": [
      {
        "id": "10068374",
        "name": "Hrana in pijača",
        "url": "/c/hrana-in-pijaca/s10068374",
        "hidden": false
      },
      {
        "id": "10071016",
        "name": "Meso in mesni izdelki",
        "url": "/h/meso-in-mesni-izdelki/h10071016",
        "hidden": false
      }
    ],
    "campaigns": [
      {
        "id": "Current_Sales_Week",
        "name": "Ta teden",
        "url": null,
        "hidden": false
      },
      {
        "id": "10074808",
        "name": "Tvoja Lidl cena",
        "url": "/c/tvoja-lidl-cena/a10074808",
        "hidden": false
      }
    ],
    "world_of_needs_code": "1717",
    "world_of_needs_name": "Klobase in meso",
    "world_of_needs_parent": "17",
    "is_main_category": true,
    "super_categories": [
      {
        "code": "17",
        "name": "Hrana in bližnja hrana",
        "parent": "0"
      },
      {
        "code": "0",
        "name": "Svetovi potreb",
        "parent": ""
      }
    ],
    "position": 417,
    "tracking_payload": {
      "searchTrackingMasterId": "Product.10082036",
      "searchTrackingTitle": "Sve%C5%BEe+pi%C5%A1%C4%8Dan%C4%8Dje+kra%C4%8De",
      "searchTrackingPageSize": 100,
      "searchTrackingPage": 5,
      "searchTrackingEvent": "click",
      "list": "search",
      "searchTrackingId": "Product.10082036",
      "searchTrackingOrigPos": 1,
      "searchTrackingPos": 417,
      "searchTrackingOrigPageSize": 100,
      "searchTrackingChannel": "SI",
      "category": "Food"
    }
  },
  {
    "code": "10082040",
    "name": "Sveža svinjska rebra",
    "url": "",
    "result_class": "product",
    "type": "product",
    "product_id": 10082040,
    "erp_number": "10082040",
    "item_id": 10082040,
    "full_title": "SVEŽE MESO Sveža svinjska rebra",
    "title": "Sveža svinjska rebra",
    "category": "Food",
    "product_type": "RETAIL",
    "age_restriction": false,
    "is_used_product": false,
    "multipack": false,
    "online": false,
    "store": true,
    "quick_add_to_cart": false,
    "flash_sales": false,
    "having_videos": false,
    "having_threesixty": false,
    "price": 3.99,
    "old_price": 0.0,
    "currency_code": "EUR",
    "currency_symbol": "€",
    "has_star": true,
    "has_vat": false,
    "price_theme": "white_red",
    "variants_have_different_prices": false,
    "base_price_text": "1 kg = 7.98",
    "base_price_prefix": false,
    "packaging_text": "500 g",
    "discount_deleted_price": null,
    "discount_text": "ZGRABITE PRILOŽNOST!",
    "discount_percentage": null,
    "discount_has_star": false,
    "show_discount": false,
    "show_percentage": false,
    "from_recommended_price": false,
    "availability_indicator": 0,
    "online_available": false,
    "min_orderable_quantity": 1,
    "orderable_quantities": [],
    "badge_texts": [
      "V trgovini od 03.07. do 09.07."
    ],
    "badge_types": [
      "IN_STORE_PAST_DATE_RANGE"
    ],
    "main_image": "https://imgproxy-retcat.assets.schwarz/ZSz74481OfhThdnjCqvj0U11MEmXN7aEA1Kna6q08ic/sm:1/w:427/h:320/cz/M6Ly9wcm9kLWNhd/GFsb2ctbWVkaWEvc2kvMS80NDcxQTA3ODYyRTNBMzBENEMzNkM0QTc/3RkIzRkZCRTYxODE2Qzk2M0NFN0U1OTVBMEE3NUNEODZEMERENzAwLmpwZw.jpg",
    "image_list": [
      "https://imgproxy-retcat.assets.schwarz/ZSz74481OfhThdnjCqvj0U11MEmXN7aEA1Kna6q08ic/sm:1/w:427/h:320/cz/M6Ly9wcm9kLWNhd/GFsb2ctbWVkaWEvc2kvMS80NDcxQTA3ODYyRTNBMzBENEMzNkM0QTc/3RkIzRkZCRTYxODE2Qzk2M0NFN0U1OTVBMEE3NUNEODZEMERENzAwLmpwZw.jpg"
    ],
    "image_accessibility": "Pakiranje svežega svinjskega mesa, narezano na kocke.",
    "detailed_images": [
      {
        "url": "https://imgproxy-retcat.assets.schwarz/ZSz74481OfhThdnjCqvj0U11MEmXN7aEA1Kna6q08ic/sm:1/w:427/h:320/cz/M6Ly9wcm9kLWNhd/GFsb2ctbWVkaWEvc2kvMS80NDcxQTA3ODYyRTNBMzBENEMzNkM0QTc/3RkIzRkZCRTYxODE2Qzk2M0NFN0U1OTVBMEE3NUNEODZEMERENzAwLmpwZw.jpg",
        "accessibility": "Pakiranje svežega svinjskega mesa, narezano na kocke."
      }
    ],
    "analytics_category": "Food",
    "more_details": "Dodatne podrobnosti o izdelku",
    "won_category_primary": "Svetovi potreb/Hrana in bližnja hrana/Klobase in meso",
    "won_category_primary_path": "0/17/1717",
    "canonical_path": "/p/sveze-meso-sveza-svinjska-rebra/p10082040",
    "canonical_url": "/p/sveze-meso-sveza-svinjska-rebra/p10082040",
    "awards": [],
    "seals": [],
    "ribbons": [],
    "highlighted_seals": 0,
    "lidl_plus": [],
    "regions": [],
    "ians": [
      "7307256"
    ],
    "show_brand": true,
    "deal_of_day_active": false,
    "full_title_meta": "SVEŽE MESO Sveža svinjska rebra",
    "lists": [
      4986
    ],
    "preview": false,
    "category_breadcrumbs": [
      {
        "id": "10068374",
        "name": "Hrana in pijača",
        "url": "/c/hrana-in-pijaca/s10068374",
        "hidden": false
      },
      {
        "id": "10071016",
        "name": "Meso in mesni izdelki",
        "url": "/h/meso-in-mesni-izdelki/h10071016",
        "hidden": false
      }
    ],
    "campaigns": [
      {
        "id": "Current_Sales_Week",
        "name": "Ta teden",
        "url": null,
        "hidden": false
      },
      {
        "id": "10074808",
        "name": "Tvoja Lidl cena",
        "url": "/c/tvoja-lidl-cena/a10074808",
        "hidden": false
      }
    ],
    "world_of_needs_code": "1717",
    "world_of_needs_name": "Klobase in meso",
    "world_of_needs_parent": "17",
    "is_main_category": true,
    "super_categories": [
      {
        "code": "17",
        "name": "Hrana in bližnja hrana",
        "parent": "0"
      },
      {
        "code": "0",
        "name": "Svetovi potreb",
        "parent": ""
      }
    ],
    "position": 418,
    "tracking_payload": {
      "searchTrackingMasterId": "Product.10082040",
      "searchTrackingTitle": "Sve%C5%BEa+svinjska+rebra",
      "searchTrackingPageSize": 100,
      "searchTrackingPage": 5,
      "searchTrackingEvent": "click",
      "list": "search",
      "searchTrackingId": "Product.10082040",
      "searchTrackingOrigPos": 1,
      "searchTrackingPos": 418,
      "searchTrackingOrigPageSize": 100,
      "searchTrackingChannel": "SI",
      "category": "Food"
    }
  },
  {
    "code": "10082032",
    "name": "Rogljiček s pistacijami",
    "url": "",
    "result_class": "product",
    "type": "product",
    "product_id": 10082032,
    "erp_number": "10082032",
    "item_id": 10082032,
    "full_title": "Rogljiček s pistacijami",
    "title": "Rogljiček s pistacijami",
    "category": "Food",
    "product_type": "RETAIL",
    "age_restriction": false,
    "is_used_product": false,
    "multipack": false,
    "online": false,
    "store": true,
    "quick_add_to_cart": false,
    "flash_sales": false,
    "having_videos": false,
    "having_threesixty": false,
    "price": 0.79,
    "old_price": 0.0,
    "currency_code": "EUR",
    "currency_symbol": "€",
    "has_star": true,
    "has_vat": false,
    "price_theme": "white_red",
    "variants_have_different_prices": false,
    "base_price_text": "1 kg = 10.53",
    "base_price_prefix": false,
    "packaging_text": "75 g",
    "discount_deleted_price": null,
    "discount_text": "ZGRABITE PRILOŽNOST!",
    "discount_percentage": null,
    "discount_has_star": false,
    "show_discount": false,
    "show_percentage": false,
    "from_recommended_price": false,
    "availability_indicator": 0,
    "online_available": false,
    "min_orderable_quantity": 1,
    "orderable_quantities": [],
    "badge_texts": [
      "V trgovini od 03.07. do 09.07."
    ],
    "badge_types": [
      "IN_STORE_PAST_DATE_RANGE"
    ],
    "main_image": "https://imgproxy-retcat.assets.schwarz/Bz38Ps2ZWUGdQOt5UvX8Her5KIgAleS104_w8RiPg98/sm:1/w:427/h:320/cz/M6Ly9wcm9kLWNhd/GFsb2ctbWVkaWEvc2kvMS9BQkRGMTNDNTQyMDJBNTVGODFCMzNDNTY/xNjVBN0NDMzFBMUZCQUQwQUQ2NkJBMTE5OTY1NzMzMkI1OUY5MTQ3LmpwZw.jpg",
    "image_list": [
      "https://imgproxy-retcat.assets.schwarz/Bz38Ps2ZWUGdQOt5UvX8Her5KIgAleS104_w8RiPg98/sm:1/w:427/h:320/cz/M6Ly9wcm9kLWNhd/GFsb2ctbWVkaWEvc2kvMS9BQkRGMTNDNTQyMDJBNTVGODFCMzNDNTY/xNjVBN0NDMzFBMUZCQUQwQUQ2NkJBMTE5OTY1NzMzMkI1OUY5MTQ3LmpwZw.jpg"
    ],
    "image_accessibility": "Trije sveže pečeni rogljiči v košarici.",
    "detailed_images": [
      {
        "url": "https://imgproxy-retcat.assets.schwarz/Bz38Ps2ZWUGdQOt5UvX8Her5KIgAleS104_w8RiPg98/sm:1/w:427/h:320/cz/M6Ly9wcm9kLWNhd/GFsb2ctbWVkaWEvc2kvMS9BQkRGMTNDNTQyMDJBNTVGODFCMzNDNTY/xNjVBN0NDMzFBMUZCQUQwQUQ2NkJBMTE5OTY1NzMzMkI1OUY5MTQ3LmpwZw.jpg",
        "accessibility": "Trije sveže pečeni rogljiči v košarici."
      }
    ],
    "analytics_category": "Food",
    "more_details": "Dodatne podrobnosti o izdelku",
    "won_category_primary": "Svetovi potreb/Hrana in bližnja hrana/Kruh in pekovsko pecivo",
    "won_category_primary_path": "0/17/1713",
    "canonical_path": "/p/rogljicek-s-pistacijami/p10082032",
    "canonical_url": "/p/rogljicek-s-pistacijami/p10082032",
    "awards": [],
    "seals": [],
    "ribbons": [],
    "highlighted_seals": 0,
    "lidl_plus": [],
    "regions": [],
    "ians": [
      "6002597"
    ],
    "show_brand": false,
    "deal_of_day_active": false,
    "full_title_meta": "Rogljiček s pistacijami",
    "lists": [
      4986
    ],
    "preview": false,
    "category_breadcrumbs": [
      {
        "id": "10068374",
        "name": "Hrana in pijača",
        "url": "/c/hrana-in-pijaca/s10068374",
        "hidden": false
      },
      {
        "id": "10071015",
        "name": "Kruh in pekovski izdelki",
        "url": "/h/kruh-in-pekovski-izdelki/h10071015",
        "hidden": false
      }
    ],
    "campaigns": [
      {
        "id": "Current_Sales_Week",
        "name": "Ta teden",
        "url": null,
        "hidden": false
      },
      {
        "id": "10074808",
        "name": "Tvoja Lidl cena",
        "url": "/c/tvoja-lidl-cena/a10074808",
        "hidden": false
      }
    ],
    "world_of_needs_code": "1713",
    "world_of_needs_name": "Kruh in pekovsko pecivo",
    "world_of_needs_parent": "17",
    "is_main_category": true,
    "super_categories": [
      {
        "code": "17",
        "name": "Hrana in bližnja hrana",
        "parent": "0"
      },
      {
        "code": "0",
        "name": "Svetovi potreb",
        "parent": ""
      }
    ],
    "position": 419,
    "tracking_payload": {
      "searchTrackingMasterId": "Product.10082032",
      "searchTrackingTitle": "Roglji%C4%8Dek+s+pistacijami",
      "searchTrackingPageSize": 100,
      "searchTrackingPage": 5,
      "searchTrackingEvent": "click",
      "list": "search",
      "searchTrackingId": "Product.10082032",
      "searchTrackingOrigPos": 1,
      "searchTrackingPos": 419,
      "searchTrackingOrigPageSize": 100,
      "searchTrackingChannel": "SI",
      "category": "Food"
    }
  },
  {
    "code": "10082058",
    "name": "Kavni napitek",
    "url": "",
    "result_class": "product",
    "type": "product",
    "product_id": 10082058,
    "erp_number": "10082058",
    "item_id": 10082058,
    "full_title": "STARBUCKS Kavni napitek",
    "title": "Kavni napitek",
    "category": "Food",
    "product_type": "RETAIL",
    "age_restriction": false,
    "is_used_product": false,
    "multipack": false,
    "online": false,
    "store": true,
    "quick_add_to_cart": false,
    "flash_sales": false,
    "having_videos": false,
    "having_threesixty": false,
    "price": 1.79,
    "old_price": 0.0,
    "currency_code": "EUR",
    "currency_symbol": "€",
    "has_star": true,
    "has_vat": false,
    "price_theme": "white_red",
    "variants_have_different_prices": false,
    "base_price_text": "1 l = 8.14",
    "base_price_prefix": false,
    "packaging_text": "220 ml",
    "discount_deleted_price": null,
    "discount_text": "ZGRABITE PRILOŽNOST!",
    "discount_percentage": null,
    "discount_has_star": false,
    "show_discount": false,
    "show_percentage": false,
    "from_recommended_price": false,
    "availability_indicator": 0,
    "online_available": false,
    "min_orderable_quantity": 1,
    "orderable_quantities": [],
    "badge_texts": [
      "V trgovini od 03.07. do 09.07."
    ],
    "badge_types": [
      "IN_STORE_PAST_DATE_RANGE"
    ],
    "main_image": "https://imgproxy-retcat.assets.schwarz/H63Ib4CSIAwC-RiUVv0hnqAO2wbMkxfqwiflFyXfDWs/sm:1/w:427/h:320/cz/M6Ly9wcm9kLWNhd/GFsb2ctbWVkaWEvc2kvMS81MjY1Q0YyM0I5RkMxMTVFMDkwMkQyMDN/FMEIxMDlBNzZFMDZGOTI0NDMzNDNGQzdCRjVCNjM3NzJEQTBBQUFGLmpwZw.jpg",
    "image_list": [
      "https://imgproxy-retcat.assets.schwarz/H63Ib4CSIAwC-RiUVv0hnqAO2wbMkxfqwiflFyXfDWs/sm:1/w:427/h:320/cz/M6Ly9wcm9kLWNhd/GFsb2ctbWVkaWEvc2kvMS81MjY1Q0YyM0I5RkMxMTVFMDkwMkQyMDN/FMEIxMDlBNzZFMDZGOTI0NDMzNDNGQzdCRjVCNjM3NzJEQTBBQUFGLmpwZw.jpg",
      "https://imgproxy-retcat.assets.schwarz/JlxQ837bab3vEm7rb0Jni0lhtSRgj-HHq7RFzzSvt8M/sm:1/w:427/h:320/cz/M6Ly9wcm9kLWNhd/GFsb2ctbWVkaWEvc2kvMS85RUNGNzRFNDUzQzY5MEU1NkZGMjRBMTg/1QkMyMzM1NzVCRDBFMUQ2RkUwMDVEQ0QwMTg2M0E3NzEwRjAzQzU2LmpwZw.jpg",
      "https://imgproxy-retcat.assets.schwarz/bS4omRP8r4fMwr-mOmBL6nHbv1KmkqrVogXowKUxp90/sm:1/w:427/h:320/cz/M6Ly9wcm9kLWNhd/GFsb2ctbWVkaWEvc2kvMS82NTYzMUJGOUNBQzBCMjA0MDFBMjMxQUE/2QUIzNEFFQTYwRUIyRTczQjBEM0IwQTZBRDdCMjI0Mjk2RDU1NzcyLmpwZw.jpg"
    ],
    "image_accessibility": "Štirje Starbucks napitki: Latte, karamelni macchiato in cappuccino.",
    "detailed_images": [
      {
        "url": "https://imgproxy-retcat.assets.schwarz/H63Ib4CSIAwC-RiUVv0hnqAO2wbMkxfqwiflFyXfDWs/sm:1/w:427/h:320/cz/M6Ly9wcm9kLWNhd/GFsb2ctbWVkaWEvc2kvMS81MjY1Q0YyM0I5RkMxMTVFMDkwMkQyMDN/FMEIxMDlBNzZFMDZGOTI0NDMzNDNGQzdCRjVCNjM3NzJEQTBBQUFGLmpwZw.jpg",
        "accessibility": "Štirje Starbucks napitki: Latte, karamelni macchiato in cappuccino."
      },
      {
        "url": "https://imgproxy-retcat.assets.schwarz/JlxQ837bab3vEm7rb0Jni0lhtSRgj-HHq7RFzzSvt8M/sm:1/w:427/h:320/cz/M6Ly9wcm9kLWNhd/GFsb2ctbWVkaWEvc2kvMS85RUNGNzRFNDUzQzY5MEU1NkZGMjRBMTg/1QkMyMzM1NzVCRDBFMUQ2RkUwMDVEQ0QwMTg2M0E3NzEwRjAzQzU2LmpwZw.jpg",
        "accessibility": "Starbucks Caffè Latte brez dodanega sladkorja, ohlajena kava."
      },
      {
        "url": "https://imgproxy-retcat.assets.schwarz/bS4omRP8r4fMwr-mOmBL6nHbv1KmkqrVogXowKUxp90/sm:1/w:427/h:320/cz/M6Ly9wcm9kLWNhd/GFsb2ctbWVkaWEvc2kvMS82NTYzMUJGOUNBQzBCMjA0MDFBMjMxQUE/2QUIzNEFFQTYwRUIyRTczQjBEM0IwQTZBRDdCMjI0Mjk2RDU1NzcyLmpwZw.jpg",
        "accessibility": "Starbucks Caffè Latte: Hladena kava z močnim espressom in smetanovo mlekom."
      }
    ],
    "analytics_category": "Food",
    "more_details": "Dodatne podrobnosti o izdelku",
    "won_category_primary": "Svetovi potreb/Hrana in bližnja hrana/Pijače",
    "won_category_primary_path": "0/17/1720",
    "canonical_path": "/p/starbucks-kavni-napitek/p10082058",
    "canonical_url": "/p/starbucks-kavni-napitek/p10082058",
    "awards": [],
    "seals": [
      {
        "altText": "Nalepka: Hlajeno",
        "image": "https://imgproxy-retcat.assets.schwarz/7x3Iby7aD19hFySDnP2YoXt7E1r0JrvJVj0QO1gUOes/sm:1/w:140/cz/M6Ly9wcm9kLWNhd/GFsb2ctbWVkaWEvc2kvMi8xMzFBN0E2RDlCREZGREQxOEE2OTFDNEZ/FNDE5RTM0QUMxQjY4OEQ0OUY2QTAxMTRDRjQ1RjdCNTNDRjM2NUJBLnBuZw.png"
      }
    ],
    "ribbons": [],
    "highlighted_seals": 0,
    "lidl_plus": [],
    "regions": [],
    "ians": [
      "6908334"
    ],
    "show_brand": true,
    "deal_of_day_active": false,
    "full_title_meta": "STARBUCKS Kavni napitek",
    "lists": [
      4986
    ],
    "preview": false,
    "category_breadcrumbs": [
      {
        "id": "10068374",
        "name": "Hrana in pijača",
        "url": "/c/hrana-in-pijaca/s10068374",
        "hidden": false
      },
      {
        "id": "10071022",
        "name": "Pijače",
        "url": "/h/pijace/h10071022",
        "hidden": false
      }
    ],
    "campaigns": [
      {
        "id": "Current_Sales_Week",
        "name": "Ta teden",
        "url": null,
        "hidden": false
      },
      {
        "id": "10074808",
        "name": "Tvoja Lidl cena",
        "url": "/c/tvoja-lidl-cena/a10074808",
        "hidden": false
      }
    ],
    "world_of_needs_code": "1720",
    "world_of_needs_name": "Pijače",
    "world_of_needs_parent": "17",
    "is_main_category": true,
    "super_categories": [
      {
        "code": "17",
        "name": "Hrana in bližnja hrana",
        "parent": "0"
      },
      {
        "code": "0",
        "name": "Svetovi potreb",
        "parent": ""
      }
    ],
    "position": 420,
    "tracking_payload": {
      "searchTrackingMasterId": "Product.10082058",
      "searchTrackingTitle": "Kavni+napitek",
      "searchTrackingPageSize": 100,
      "searchTrackingPage": 5,
      "searchTrackingEvent": "click",
      "list": "search",
      "searchTrackingId": "Product.10082058",
      "searchTrackingOrigPos": 1,
      "searchTrackingPos": 420,
      "searchTrackingOrigPageSize": 100,
      "searchTrackingChannel": "SI",
      "category": "Food"
    }
  },
  {
    "code": "10082046",
    "name": "Kruh brez kvasa",
    "url": "",
    "result_class": "product",
    "type": "product",
    "product_id": 10082046,
    "erp_number": "10082046",
    "item_id": 10082046,
    "full_title": "Kruh brez kvasa",
    "title": "Kruh brez kvasa",
    "category": "Food",
    "product_type": "RETAIL",
    "age_restriction": false,
    "is_used_product": false,
    "multipack": false,
    "online": false,
    "store": true,
    "quick_add_to_cart": false,
    "flash_sales": false,
    "having_videos": false,
    "having_threesixty": false,
    "price": null,
    "old_price": null,
    "currency_code": "EUR",
    "currency_symbol": "€",
    "has_star": true,
    "has_vat": false,
    "price_theme": null,
    "variants_have_different_prices": false,
    "base_price_text": null,
    "base_price_prefix": null,
    "packaging_text": null,
    "discount_deleted_price": null,
    "discount_text": null,
    "discount_percentage": null,
    "discount_has_star": null,
    "show_discount": null,
    "show_percentage": null,
    "from_recommended_price": null,
    "availability_indicator": 0,
    "online_available": false,
    "min_orderable_quantity": 1,
    "orderable_quantities": [],
    "badge_texts": [
      "V trgovini od 03.07. do 09.07."
    ],
    "badge_types": [
      "IN_STORE_PAST_DATE_RANGE"
    ],
    "main_image": "https://imgproxy-retcat.assets.schwarz/rbtydFQYctVdYlmT-kyCxP7bP3qfuOuS2hJT7tgyqZg/sm:1/w:427/h:320/cz/M6Ly9wcm9kLWNhd/GFsb2ctbWVkaWEvc2kvMS9EMkQyRDBBNzlCNzYyOUFDOUY0ODkxRTE/5NzlDMEEyNEZCNjA1QTA0NDgxRkREMEY3RkIxNEQ5REZCOEU3RkIwLmpwZw.jpg",
    "image_list": [
      "https://imgproxy-retcat.assets.schwarz/rbtydFQYctVdYlmT-kyCxP7bP3qfuOuS2hJT7tgyqZg/sm:1/w:427/h:320/cz/M6Ly9wcm9kLWNhd/GFsb2ctbWVkaWEvc2kvMS9EMkQyRDBBNzlCNzYyOUFDOUY0ODkxRTE/5NzlDMEEyNEZCNjA1QTA0NDgxRkREMEY3RkIxNEQ5REZCOEU3RkIwLmpwZw.jpg"
    ],
    "image_accessibility": "Dve hlebi s sončničnimi semeni v pletenem košaru.",
    "detailed_images": [
      {
        "url": "https://imgproxy-retcat.assets.schwarz/rbtydFQYctVdYlmT-kyCxP7bP3qfuOuS2hJT7tgyqZg/sm:1/w:427/h:320/cz/M6Ly9wcm9kLWNhd/GFsb2ctbWVkaWEvc2kvMS9EMkQyRDBBNzlCNzYyOUFDOUY0ODkxRTE/5NzlDMEEyNEZCNjA1QTA0NDgxRkREMEY3RkIxNEQ5REZCOEU3RkIwLmpwZw.jpg",
        "accessibility": "Dve hlebi s sončničnimi semeni v pletenem košaru."
      }
    ],
    "analytics_category": "Food",
    "more_details": "Dodatne podrobnosti o izdelku",
    "won_category_primary": "Svetovi potreb/Hrana in bližnja hrana/Kruh in pekovsko pecivo",
    "won_category_primary_path": "0/17/1713",
    "canonical_path": "/p/kruh-brez-kvasa/p10082046",
    "canonical_url": "/p/kruh-brez-kvasa/p10082046",
    "awards": [],
    "seals": [
      {
        "altText": "Logotip Lidl Plus",
        "image": "https://imgproxy-retcat.assets.schwarz/DjNLhjIEpHeUFO-WYf3wploAS16YAf6tVgt5EMshyFs/sm:1/w:140/cz/M6Ly9wcm9kLWNhd/GFsb2ctbWVkaWEvc2kvMi9BMEU2QkJCNEZCQTZENzlEQ0MzRDRFOEM/2REREODBCRjMwQUNFQjJBMDBGREI4RjI1M0Y3MDYzOTFFMTg3RUVGLnBuZw.png"
      }
    ],
    "ribbons": [],
    "highlighted_seals": 0,
    "lidl_plus": [
      {
        "price": {
          "discount": {
            "deletedPrice": 1.79,
            "discountHasStar": false,
            "discountText": "- 27 %",
            "fromRecommendedPrice": false,
            "showDiscount": true,
            "showFrom": false,
            "showPercentage": true,
            "showUpTo": false
          },
          "displayedCurrency": "€",
          "hasStar": true,
          "hasVat": false,
          "oldPrice": 1.79,
          "packaging": {
            "text": "400 g"
          },
          "price": 1.29,
          "priceTheme": "red_yellow",
          "specialTaxes": []
        },
        "lidlPlusText": "z Lidl Plus",
        "highlightText": "- 27 %"
      }
    ],
    "regions": [],
    "ians": [
      "6901825"
    ],
    "show_brand": false,
    "deal_of_day_active": false,
    "full_title_meta": "Kruh brez kvasa",
    "lists": [
      4986
    ],
    "preview": false,
    "category_breadcrumbs": [
      {
        "id": "10068374",
        "name": "Hrana in pijača",
        "url": "/c/hrana-in-pijaca/s10068374",
        "hidden": false
      },
      {
        "id": "10071015",
        "name": "Kruh in pekovski izdelki",
        "url": "/h/kruh-in-pekovski-izdelki/h10071015",
        "hidden": false
      }
    ],
    "campaigns": [
      {
        "id": "Current_Sales_Week",
        "name": "Ta teden",
        "url": null,
        "hidden": false
      },
      {
        "id": "10024188",
        "name": "Lidl Plus",
        "url": "/c/lidl-plus/a10024188",
        "hidden": false
      }
    ],
    "world_of_needs_code": "1713",
    "world_of_needs_name": "Kruh in pekovsko pecivo",
    "world_of_needs_parent": "17",
    "is_main_category": true,
    "super_categories": [
      {
        "code": "17",
        "name": "Hrana in bližnja hrana",
        "parent": "0"
      },
      {
        "code": "0",
        "name": "Svetovi potreb",
        "parent": ""
      }
    ],
    "position": 421,
    "tracking_payload": {
      "searchTrackingMasterId": "Product.10082046",
      "searchTrackingTitle": "Kruh+brez+kvasa",
      "searchTrackingPageSize": 100,
      "searchTrackingPage": 5,
      "searchTrackingEvent": "click",
      "list": "search",
      "searchTrackingId": "Product.10082046",
      "searchTrackingOrigPos": 1,
      "searchTrackingPos": 421,
      "searchTrackingOrigPageSize": 100,
      "searchTrackingChannel": "SI",
      "category": "Food"
    }
  },
  {
    "code": "10082050",
    "name": "Kavne kapsule",
    "url": "",
    "result_class": "product",
    "type": "product",
    "product_id": 10082050,
    "erp_number": "10082050",
    "item_id": 10082050,
    "full_title": "NESCAFÉ Kavne kapsule",
    "title": "Kavne kapsule",
    "category": "Food",
    "product_type": "RETAIL",
    "age_restriction": false,
    "is_used_product": false,
    "multipack": false,
    "online": false,
    "store": true,
    "quick_add_to_cart": false,
    "flash_sales": false,
    "having_videos": false,
    "having_threesixty": false,
    "price": 8.99,
    "old_price": 0.0,
    "currency_code": "EUR",
    "currency_symbol": "€",
    "has_star": true,
    "has_vat": false,
    "price_theme": "white_red",
    "variants_have_different_prices": false,
    "base_price_text": "1 kg = 25.72-47.57",
    "base_price_prefix": false,
    "packaging_text": "189 - 349,5 g",
    "discount_deleted_price": null,
    "discount_text": "ZGRABITE PRILOŽNOST!",
    "discount_percentage": null,
    "discount_has_star": false,
    "show_discount": false,
    "show_percentage": false,
    "from_recommended_price": false,
    "availability_indicator": 0,
    "online_available": false,
    "min_orderable_quantity": 1,
    "orderable_quantities": [],
    "badge_texts": [
      "V trgovini od 03.07. do 09.07."
    ],
    "badge_types": [
      "IN_STORE_PAST_DATE_RANGE"
    ],
    "main_image": "https://imgproxy-retcat.assets.schwarz/ppjEEh6FMqCKtUFs1lRzdVsMiPWqmUowUcoVCLhPeTU/sm:1/w:427/h:320/cz/M6Ly9wcm9kLWNhd/GFsb2ctbWVkaWEvc2kvMS80MjVBODE1N0ZGRjE0REQ1MjE2M0E2NEU/1NTk3NUNCODY1QTIwMjExQUM0NUIyQTNEREE2MzBEQkYyNzFENTUxLmpwZw.jpg",
    "image_list": [
      "https://imgproxy-retcat.assets.schwarz/ppjEEh6FMqCKtUFs1lRzdVsMiPWqmUowUcoVCLhPeTU/sm:1/w:427/h:320/cz/M6Ly9wcm9kLWNhd/GFsb2ctbWVkaWEvc2kvMS80MjVBODE1N0ZGRjE0REQ1MjE2M0E2NEU/1NTk3NUNCODY1QTIwMjExQUM0NUIyQTNEREE2MzBEQkYyNzFENTUxLmpwZw.jpg",
      "https://imgproxy-retcat.assets.schwarz/1oGLXVbDkFlUWe3Pm4kCZoskcW58f-38HFzMqDtHbOM/sm:1/w:427/h:320/cz/M6Ly9wcm9kLWNhd/GFsb2ctbWVkaWEvc2kvMS9BNTlBNDM1RTU4MDZCOEY0QTdDQjlFM0N/BQ0Q1QjNBNkM5NUNEMzEzNzk1MkM3MUVFNDg0QjEyNkMzRTM3QzNDLmpwZw.jpg",
      "https://imgproxy-retcat.assets.schwarz/reb8RcsTj_juOmZRJtBZ7aClsW4rzPXROFLCJy4yF_s/sm:1/w:427/h:320/cz/M6Ly9wcm9kLWNhd/GFsb2ctbWVkaWEvc2kvMS80QzU0OEM3MEY0RTEyNDk3NzhEMzI1MTY/2QzNBQkE1RDNCOTE2NzlBOTEzMjI5NUU3QTYyRTYxQ0M5N0NEOEE2LmpwZw.jpg"
    ],
    "image_accessibility": "Različni kompleti kapsul za kavo Tchibo.",
    "detailed_images": [
      {
        "url": "https://imgproxy-retcat.assets.schwarz/ppjEEh6FMqCKtUFs1lRzdVsMiPWqmUowUcoVCLhPeTU/sm:1/w:427/h:320/cz/M6Ly9wcm9kLWNhd/GFsb2ctbWVkaWEvc2kvMS80MjVBODE1N0ZGRjE0REQ1MjE2M0E2NEU/1NTk3NUNCODY1QTIwMjExQUM0NUIyQTNEREE2MzBEQkYyNzFENTUxLmpwZw.jpg",
        "accessibility": "Različni kompleti kapsul za kavo Tchibo."
      },
      {
        "url": "https://imgproxy-retcat.assets.schwarz/1oGLXVbDkFlUWe3Pm4kCZoskcW58f-38HFzMqDtHbOM/sm:1/w:427/h:320/cz/M6Ly9wcm9kLWNhd/GFsb2ctbWVkaWEvc2kvMS9BNTlBNDM1RTU4MDZCOEY0QTdDQjlFM0N/BQ0Q1QjNBNkM5NUNEMzEzNzk1MkM3MUVFNDg0QjEyNkMzRTM3QzNDLmpwZw.jpg",
        "accessibility": "Škatla Nespresso kave Espresso Intenso s 30 kapsulami."
      },
      {
        "url": "https://imgproxy-retcat.assets.schwarz/reb8RcsTj_juOmZRJtBZ7aClsW4rzPXROFLCJy4yF_s/sm:1/w:427/h:320/cz/M6Ly9wcm9kLWNhd/GFsb2ctbWVkaWEvc2kvMS80QzU0OEM3MEY0RTEyNDk3NzhEMzI1MTY/2QzNBQkE1RDNCOTE2NzlBOTEzMjI5NUU3QTYyRTYxQ0M5N0NEOEE2LmpwZw.jpg",
        "accessibility": "Škatla Nespresso Dolce Gusto Cortado kapsul s 30 kapsulami."
      }
    ],
    "analytics_category": "Food",
    "more_details": "Dodatne podrobnosti o izdelku",
    "won_category_primary": "Svetovi potreb/Hrana in bližnja hrana/Kava, čaj in kakav",
    "won_category_primary_path": "0/17/1730",
    "canonical_path": "/p/nescafe-kavne-kapsule/p10082050",
    "canonical_url": "/p/nescafe-kavne-kapsule/p10082050",
    "awards": [],
    "seals": [],
    "ribbons": [],
    "highlighted_seals": 0,
    "lidl_plus": [],
    "regions": [],
    "ians": [
      "9223"
    ],
    "show_brand": true,
    "deal_of_day_active": false,
    "full_title_meta": "NESCAFÉ Kavne kapsule",
    "lists": [
      4986
    ],
    "preview": false,
    "category_breadcrumbs": [
      {
        "id": "10068374",
        "name": "Hrana in pijača",
        "url": "/c/hrana-in-pijaca/s10068374",
        "hidden": false
      },
      {
        "id": "10071683",
        "name": "Kava, čaj in kakav",
        "url": "/h/kava-caj-in-kakav/h10071683",
        "hidden": false
      }
    ],
    "campaigns": [
      {
        "id": "Current_Sales_Week",
        "name": "Ta teden",
        "url": null,
        "hidden": false
      },
      {
        "id": "10074808",
        "name": "Tvoja Lidl cena",
        "url": "/c/tvoja-lidl-cena/a10074808",
        "hidden": false
      }
    ],
    "world_of_needs_code": "1730",
    "world_of_needs_name": "Kava, čaj in kakav",
    "world_of_needs_parent": "17",
    "is_main_category": true,
    "super_categories": [
      {
        "code": "17",
        "name": "Hrana in bližnja hrana",
        "parent": "0"
      },
      {
        "code": "0",
        "name": "Svetovi potreb",
        "parent": ""
      }
    ],
    "position": 422,
    "tracking_payload": {
      "searchTrackingMasterId": "Product.10082050",
      "searchTrackingTitle": "Kavne+kapsule",
      "searchTrackingPageSize": 100,
      "searchTrackingPage": 5,
      "searchTrackingEvent": "click",
      "list": "search",
      "searchTrackingId": "Product.10082050",
      "searchTrackingOrigPos": 1,
      "searchTrackingPos": 422,
      "searchTrackingOrigPageSize": 100,
      "searchTrackingChannel": "SI",
      "category": "Food"
    }
  },
  {
    "code": "10082054",
    "name": "Sir Gouda",
    "url": "",
    "result_class": "product",
    "type": "product",
    "product_id": 10082054,
    "erp_number": "10082054",
    "item_id": 10082054,
    "full_title": "MILBONA Sir Gouda",
    "title": "Sir Gouda",
    "category": "Food",
    "product_type": "RETAIL",
    "age_restriction": false,
    "is_used_product": false,
    "multipack": false,
    "online": false,
    "store": true,
    "quick_add_to_cart": false,
    "flash_sales": false,
    "having_videos": false,
    "having_threesixty": false,
    "price": 4.39,
    "old_price": 0.0,
    "currency_code": "EUR",
    "currency_symbol": "€",
    "has_star": true,
    "has_vat": false,
    "price_theme": "white_red",
    "variants_have_different_prices": false,
    "base_price_text": "1 kg = 6.27",
    "base_price_prefix": false,
    "packaging_text": "700 g",
    "discount_deleted_price": null,
    "discount_text": "ZGRABITE PRILOŽNOST!",
    "discount_percentage": null,
    "discount_has_star": false,
    "show_discount": false,
    "show_percentage": false,
    "from_recommended_price": false,
    "availability_indicator": 0,
    "online_available": false,
    "min_orderable_quantity": 1,
    "orderable_quantities": [],
    "badge_texts": [
      "V trgovini od 03.07. do 09.07."
    ],
    "badge_types": [
      "IN_STORE_PAST_DATE_RANGE"
    ],
    "main_image": "https://imgproxy-retcat.assets.schwarz/rhK3EPK46xnidccG1yT4WToJoG2-5IjSvNnhZJ9z-nw/sm:1/w:427/h:320/cz/M6Ly9wcm9kLWNhd/GFsb2ctbWVkaWEvc2kvMS8yRjczRUQyOTQxMzA2QUFGMUY3NjE5RTV/FQkQ2QURDRDM1MENBM0YyNEYyODFENDY5OTE1NTNBMUM1NDIyMzNGLmpwZw.jpg",
    "image_list": [
      "https://imgproxy-retcat.assets.schwarz/rhK3EPK46xnidccG1yT4WToJoG2-5IjSvNnhZJ9z-nw/sm:1/w:427/h:320/cz/M6Ly9wcm9kLWNhd/GFsb2ctbWVkaWEvc2kvMS8yRjczRUQyOTQxMzA2QUFGMUY3NjE5RTV/FQkQ2QURDRDM1MENBM0YyNEYyODFENDY5OTE1NTNBMUM1NDIyMzNGLmpwZw.jpg",
      "https://imgproxy-retcat.assets.schwarz/ZKXaQWW1BLj5ynzvhFOjVQTFCO1uaX91X_GyJN1V2rc/sm:1/w:427/h:320/cz/M6Ly9wcm9kLWNhd/GFsb2ctbWVkaWEvc2kvMS8wRjgzMkNENzU4OTk0MDdFMjIwRjg0QkU/xMzJFOTU5NjJCNDBGNzBGREJBNTYyRTgwQzhENDUwRjQ2QUJFREZCLmpwZw.jpg",
      "https://imgproxy-retcat.assets.schwarz/tx9WG_iZLzT46PV4eS3aYCZOoKwJPsb9xb0RSLGeK0Y/sm:1/w:427/h:320/cz/M6Ly9wcm9kLWNhd/GFsb2ctbWVkaWEvc2kvMS9BRUNERkM2QTU4NDM0Q0I1M0JCQ0UzMjA/1QjM3RkVGRkFBQTY0RjJGNEFBNEY0MTczRkQwRDNCNkUwNEQxREVBLmpwZw.jpg"
    ],
    "image_accessibility": "Pakiranje mladega gouda sira z rezinami na lesenem podstavku.",
    "detailed_images": [
      {
        "url": "https://imgproxy-retcat.assets.schwarz/rhK3EPK46xnidccG1yT4WToJoG2-5IjSvNnhZJ9z-nw/sm:1/w:427/h:320/cz/M6Ly9wcm9kLWNhd/GFsb2ctbWVkaWEvc2kvMS8yRjczRUQyOTQxMzA2QUFGMUY3NjE5RTV/FQkQ2QURDRDM1MENBM0YyNEYyODFENDY5OTE1NTNBMUM1NDIyMzNGLmpwZw.jpg",
        "accessibility": "Pakiranje mladega gouda sira z rezinami na lesenem podstavku."
      },
      {
        "url": "https://imgproxy-retcat.assets.schwarz/ZKXaQWW1BLj5ynzvhFOjVQTFCO1uaX91X_GyJN1V2rc/sm:1/w:427/h:320/cz/M6Ly9wcm9kLWNhd/GFsb2ctbWVkaWEvc2kvMS8wRjgzMkNENzU4OTk0MDdFMjIwRjg0QkU/xMzJFOTU5NjJCNDBGNzBGREJBNTYyRTgwQzhENDUwRjQ2QUJFREZCLmpwZw.jpg",
        "accessibility": "Mlekarna Celeia mlad gouda sir."
      },
      {
        "url": "https://imgproxy-retcat.assets.schwarz/tx9WG_iZLzT46PV4eS3aYCZOoKwJPsb9xb0RSLGeK0Y/sm:1/w:427/h:320/cz/M6Ly9wcm9kLWNhd/GFsb2ctbWVkaWEvc2kvMS9BRUNERkM2QTU4NDM0Q0I1M0JCQ0UzMjA/1QjM3RkVGRkFBQTY0RjJGNEFBNEY0MTczRkQwRDNCNkUwNEQxREVBLmpwZw.jpg",
        "accessibility": "Sir v kosu in rezine na lesenem deski."
      }
    ],
    "analytics_category": "Food",
    "more_details": "Dodatne podrobnosti o izdelku",
    "won_category_primary": "Svetovi potreb/Hrana in bližnja hrana/Sir in mlečni izdelki (vključno z maslom in sirom)",
    "won_category_primary_path": "0/17/1718",
    "canonical_path": "/p/milbona-sir-gouda/p10082054",
    "canonical_url": "/p/milbona-sir-gouda/p10082054",
    "awards": [],
    "seals": [
      {
        "altText": "Nalepka: Hlajeno",
        "image": "https://imgproxy-retcat.assets.schwarz/7x3Iby7aD19hFySDnP2YoXt7E1r0JrvJVj0QO1gUOes/sm:1/w:140/cz/M6Ly9wcm9kLWNhd/GFsb2ctbWVkaWEvc2kvMi8xMzFBN0E2RDlCREZGREQxOEE2OTFDNEZ/FNDE5RTM0QUMxQjY4OEQ0OUY2QTAxMTRDRjQ1RjdCNTNDRjM2NUJBLnBuZw.png"
      }
    ],
    "ribbons": [],
    "highlighted_seals": 0,
    "lidl_plus": [],
    "regions": [],
    "ians": [
      "121966"
    ],
    "show_brand": true,
    "deal_of_day_active": false,
    "full_title_meta": "MILBONA Sir Gouda",
    "lists": [
      4986
    ],
    "preview": false,
    "category_breadcrumbs": [
      {
        "id": "10068374",
        "name": "Hrana in pijača",
        "url": "/c/hrana-in-pijaca/s10068374",
        "hidden": false
      },
      {
        "id": "10071017",
        "name": " Sir &  Mlečni izdelki",
        "url": "/h/sir-mlecni-izdelki/h10071017",
        "hidden": false
      }
    ],
    "campaigns": [
      {
        "id": "Current_Sales_Week",
        "name": "Ta teden",
        "url": null,
        "hidden": false
      },
      {
        "id": "10074808",
        "name": "Tvoja Lidl cena",
        "url": "/c/tvoja-lidl-cena/a10074808",
        "hidden": false
      }
    ],
    "world_of_needs_code": "1718",
    "world_of_needs_name": "Sir in mlečni izdelki (vključno z maslom in sirom)",
    "world_of_needs_parent": "17",
    "is_main_category": true,
    "super_categories": [
      {
        "code": "17",
        "name": "Hrana in bližnja hrana",
        "parent": "0"
      },
      {
        "code": "0",
        "name": "Svetovi potreb",
        "parent": ""
      }
    ],
    "position": 423,
    "tracking_payload": {
      "searchTrackingMasterId": "Product.10082054",
      "searchTrackingTitle": "Sir+Gouda",
      "searchTrackingPageSize": 100,
      "searchTrackingPage": 5,
      "searchTrackingEvent": "click",
      "list": "search",
      "searchTrackingId": "Product.10082054",
      "searchTrackingOrigPos": 1,
      "searchTrackingPos": 423,
      "searchTrackingOrigPageSize": 100,
      "searchTrackingChannel": "SI",
      "category": "Food"
    }
  },
  {
    "code": "10082394",
    "name": "Azijska lilija",
    "url": "",
    "result_class": "product",
    "type": "product",
    "product_id": 10082394,
    "erp_number": "10082394",
    "item_id": 10082394,
    "full_title": "Azijska lilija",
    "title": "Azijska lilija",
    "category": "Food",
    "product_type": "RETAIL",
    "age_restriction": false,
    "is_used_product": false,
    "multipack": false,
    "online": false,
    "store": true,
    "quick_add_to_cart": false,
    "flash_sales": false,
    "having_videos": false,
    "having_threesixty": false,
    "price": 4.49,
    "old_price": 0.0,
    "currency_code": "EUR",
    "currency_symbol": "€",
    "has_star": true,
    "has_vat": false,
    "price_theme": "white_red",
    "variants_have_different_prices": false,
    "base_price_text": null,
    "base_price_prefix": null,
    "packaging_text": "kos",
    "discount_deleted_price": null,
    "discount_text": "ZGRABITE PRILOŽNOST!",
    "discount_percentage": null,
    "discount_has_star": false,
    "show_discount": false,
    "show_percentage": false,
    "from_recommended_price": false,
    "availability_indicator": 0,
    "online_available": false,
    "min_orderable_quantity": 1,
    "orderable_quantities": [],
    "badge_texts": [
      "V trgovini od 03.07."
    ],
    "badge_types": [
      "IN_STORE_FROM_DATE_PAST"
    ],
    "main_image": "https://imgproxy-retcat.assets.schwarz/NXypX1yANQxEB6uzIb_CRwjeqwEwFEBKjCWzKNyE2qI/sm:1/w:427/h:320/cz/M6Ly9wcm9kLWNhd/GFsb2ctbWVkaWEvc2kvMS84N0IyNDUzQUEyQzE4OUM0QUZDMUM1QTc/3MTVFNzhGRTZCMjNGNDU3NkRGM0MwRERCM0UyQkU2QzhFN0I5QTk2LmpwZw.jpg",
    "image_list": [
      "https://imgproxy-retcat.assets.schwarz/NXypX1yANQxEB6uzIb_CRwjeqwEwFEBKjCWzKNyE2qI/sm:1/w:427/h:320/cz/M6Ly9wcm9kLWNhd/GFsb2ctbWVkaWEvc2kvMS84N0IyNDUzQUEyQzE4OUM0QUZDMUM1QTc/3MTVFNzhGRTZCMjNGNDU3NkRGM0MwRERCM0UyQkU2QzhFN0I5QTk2LmpwZw.jpg",
      "https://imgproxy-retcat.assets.schwarz/NTWgWvDkjFQgnpynoaGRsqJL13JE6E8SherSf-x7-W8/sm:1/w:427/h:320/cz/M6Ly9wcm9kLWNhd/GFsb2ctbWVkaWEvc2kvMS9FMDlFNEQ5Q0VEMkVDMEU2NkZCMTNBQzY/zMTkxMTk1MDREMUI5MjQ2Q0RDOUFBNTc1ODk1NTZGOUQ3QkNEMTYyLmpwZw.jpg",
      "https://imgproxy-retcat.assets.schwarz/jyYZl4T2bV5ZVPITlvKpWJR9kkqGRlsVtTC-AXCRIjw/sm:1/w:427/h:320/cz/M6Ly9wcm9kLWNhd/GFsb2ctbWVkaWEvc2kvMS9BNDhGMDBGQjAyQTkyQzFDQzdCMTIyQkM/wOEYwNTZFOTBBNjJFMkFGMjdFQkFERDUxQzUzQUVCQkUzM0MyODBGLmpwZw.jpg"
    ],
    "image_accessibility": "Dva lončka z lilijami v oranžni in rumeni barvi ter en lonček z rožnato rastlino.",
    "detailed_images": [
      {
        "url": "https://imgproxy-retcat.assets.schwarz/NXypX1yANQxEB6uzIb_CRwjeqwEwFEBKjCWzKNyE2qI/sm:1/w:427/h:320/cz/M6Ly9wcm9kLWNhd/GFsb2ctbWVkaWEvc2kvMS84N0IyNDUzQUEyQzE4OUM0QUZDMUM1QTc/3MTVFNzhGRTZCMjNGNDU3NkRGM0MwRERCM0UyQkU2QzhFN0I5QTk2LmpwZw.jpg",
        "accessibility": "Dva lončka z lilijami v oranžni in rumeni barvi ter en lonček z rožnato rastlino."
      },
      {
        "url": "https://imgproxy-retcat.assets.schwarz/NTWgWvDkjFQgnpynoaGRsqJL13JE6E8SherSf-x7-W8/sm:1/w:427/h:320/cz/M6Ly9wcm9kLWNhd/GFsb2ctbWVkaWEvc2kvMS9FMDlFNEQ5Q0VEMkVDMEU2NkZCMTNBQzY/zMTkxMTk1MDREMUI5MjQ2Q0RDOUFBNTc1ODk1NTZGOUQ3QkNEMTYyLmpwZw.jpg",
        "accessibility": "Oranžni lilij v oranžnem loncu."
      },
      {
        "url": "https://imgproxy-retcat.assets.schwarz/jyYZl4T2bV5ZVPITlvKpWJR9kkqGRlsVtTC-AXCRIjw/sm:1/w:427/h:320/cz/M6Ly9wcm9kLWNhd/GFsb2ctbWVkaWEvc2kvMS9BNDhGMDBGQjAyQTkyQzFDQzdCMTIyQkM/wOEYwNTZFOTBBNjJFMkFGMjdFQkFERDUxQzUzQUVCQkUzM0MyODBGLmpwZw.jpg",
        "accessibility": "Lonec z rumenimi lilijami."
      }
    ],
    "analytics_category": "Food",
    "more_details": "Dodatne podrobnosti o izdelku",
    "won_category_primary": "Svetovi potreb/Hrana in bližnja hrana/Cvetje & Rastline (Žive rastline in šopki)",
    "won_category_primary_path": "0/17/1732",
    "canonical_path": "/p/azijska-lilija/p10082394",
    "canonical_url": "/p/azijska-lilija/p10082394",
    "awards": [],
    "seals": [],
    "ribbons": [],
    "highlighted_seals": 0,
    "lidl_plus": [],
    "regions": [],
    "ians": [
      "62700"
    ],
    "show_brand": false,
    "deal_of_day_active": false,
    "full_title_meta": "Azijska lilija",
    "lists": [
      4986
    ],
    "preview": false,
    "category_breadcrumbs": [
      {
        "id": "10068374",
        "name": "Hrana in pijača",
        "url": "/c/hrana-in-pijaca/s10068374",
        "hidden": false
      },
      {
        "id": "10071024",
        "name": "Rože in rastline",
        "url": "/h/roze-in-rastline/h10071024",
        "hidden": false
      }
    ],
    "campaigns": [
      {
        "id": "10025105",
        "name": "Cvetličarna",
        "url": "/c/cvetlicarna/a10025105",
        "hidden": false
      }
    ],
    "world_of_needs_code": "1732",
    "world_of_needs_name": "Cvetje & Rastline (Žive rastline in šopki)",
    "world_of_needs_parent": "17",
    "is_main_category": true,
    "super_categories": [
      {
        "code": "17",
        "name": "Hrana in bližnja hrana",
        "parent": "0"
      },
      {
        "code": "0",
        "name": "Svetovi potreb",
        "parent": ""
      }
    ],
    "position": 424,
    "tracking_payload": {
      "searchTrackingMasterId": "Product.10082394",
      "searchTrackingTitle": "Azijska+lilija",
      "searchTrackingPageSize": 100,
      "searchTrackingPage": 5,
      "searchTrackingEvent": "click",
      "list": "search",
      "searchTrackingId": "Product.10082394",
      "searchTrackingOrigPos": 1,
      "searchTrackingPos": 424,
      "searchTrackingOrigPageSize": 100,
      "searchTrackingChannel": "SI",
      "category": "Food"
    }
  },
  {
    "code": "10082078",
    "name": "Clipsy Mix",
    "url": "",
    "result_class": "product",
    "type": "product",
    "product_id": 10082078,
    "erp_number": "10082078",
    "item_id": 10082078,
    "full_title": "Clipsy Mix",
    "title": "Clipsy Mix",
    "category": "Food",
    "product_type": "RETAIL",
    "age_restriction": false,
    "is_used_product": false,
    "multipack": false,
    "online": false,
    "store": true,
    "quick_add_to_cart": false,
    "flash_sales": false,
    "having_videos": false,
    "having_threesixty": false,
    "price": 1.69,
    "old_price": 0.0,
    "currency_code": "EUR",
    "currency_symbol": "€",
    "has_star": true,
    "has_vat": false,
    "price_theme": "white_red",
    "variants_have_different_prices": false,
    "base_price_text": "1 kg = 11.27",
    "base_price_prefix": false,
    "packaging_text": "150 g",
    "discount_deleted_price": null,
    "discount_text": "ZGRABITE PRILOŽNOST!",
    "discount_percentage": null,
    "discount_has_star": false,
    "show_discount": false,
    "show_percentage": false,
    "from_recommended_price": false,
    "availability_indicator": 0,
    "online_available": false,
    "min_orderable_quantity": 1,
    "orderable_quantities": [],
    "badge_texts": [
      "V trgovini od 03.07. do 09.07."
    ],
    "badge_types": [
      "IN_STORE_PAST_DATE_RANGE"
    ],
    "main_image": "https://imgproxy-retcat.assets.schwarz/sm2cxX3yHWDL5UI5pOAR4svOM6S-F5kqF19slc2AErI/sm:1/w:427/h:320/cz/M6Ly9wcm9kLWNhd/GFsb2ctbWVkaWEvc2kvMS80QzdCNjhCMzAwMzIyNDM1RDYwREFFODg/yMkU4MUUzMDJBRTcwQ0FBNzc5QTRGREIwM0VGNjVGRjUwRkI0RkJFLmpwZw.jpg",
    "image_list": [
      "https://imgproxy-retcat.assets.schwarz/sm2cxX3yHWDL5UI5pOAR4svOM6S-F5kqF19slc2AErI/sm:1/w:427/h:320/cz/M6Ly9wcm9kLWNhd/GFsb2ctbWVkaWEvc2kvMS80QzdCNjhCMzAwMzIyNDM1RDYwREFFODg/yMkU4MUUzMDJBRTcwQ0FBNzc5QTRGREIwM0VGNjVGRjUwRkI0RkJFLmpwZw.jpg",
      "https://imgproxy-retcat.assets.schwarz/BRTvp9yUMlKQxfwkL9V0dVlZ7kIZgCyFhR4teih2QaY/sm:1/w:427/h:320/cz/M6Ly9wcm9kLWNhd/GFsb2ctbWVkaWEvc2kvMS85RjVBMjA3NDA5QTQ0Mzk3NTQzQzdFMTI/5NDg4OTc3MEFBQ0U3NEU3MUE3NkJEOTBCNDYwMUIxQzkxNURFOTY2LmpwZw.jpg",
      "https://imgproxy-retcat.assets.schwarz/kz-vRxQJfedsRlBl1Vh7i_BUHoDKJml64a2wXfmz_i4/sm:1/w:427/h:320/cz/M6Ly9wcm9kLWNhd/GFsb2ctbWVkaWEvc2kvMS81MzIxMUM4ODU4ODg3QjkxMjMzRjZENTZ/EODM0Q0NBMEZDODE5QUU1Q0RDQzA1QUREQTI4Q0YyOTNCQjg3NjU5LmpwZw.jpg"
    ],
    "image_accessibility": "Dve vrečki čipsa Clipsy: vijolična in zelena.",
    "detailed_images": [
      {
        "url": "https://imgproxy-retcat.assets.schwarz/sm2cxX3yHWDL5UI5pOAR4svOM6S-F5kqF19slc2AErI/sm:1/w:427/h:320/cz/M6Ly9wcm9kLWNhd/GFsb2ctbWVkaWEvc2kvMS80QzdCNjhCMzAwMzIyNDM1RDYwREFFODg/yMkU4MUUzMDJBRTcwQ0FBNzc5QTRGREIwM0VGNjVGRjUwRkI0RkJFLmpwZw.jpg",
        "accessibility": "Dve vrečki čipsa Clipsy: vijolična in zelena."
      },
      {
        "url": "https://imgproxy-retcat.assets.schwarz/BRTvp9yUMlKQxfwkL9V0dVlZ7kIZgCyFhR4teih2QaY/sm:1/w:427/h:320/cz/M6Ly9wcm9kLWNhd/GFsb2ctbWVkaWEvc2kvMS85RjVBMjA3NDA5QTQ0Mzk3NTQzQzdFMTI/5NDg4OTc3MEFBQ0U3NEU3MUE3NkJEOTBCNDYwMUIxQzkxNURFOTY2LmpwZw.jpg",
        "accessibility": "Vrečka čipsa Clipsy Mix s papriko in čebulo."
      },
      {
        "url": "https://imgproxy-retcat.assets.schwarz/kz-vRxQJfedsRlBl1Vh7i_BUHoDKJml64a2wXfmz_i4/sm:1/w:427/h:320/cz/M6Ly9wcm9kLWNhd/GFsb2ctbWVkaWEvc2kvMS81MzIxMUM4ODU4ODg3QjkxMjMzRjZENTZ/EODM0Q0NBMEZDODE5QUU1Q0RDQzA1QUREQTI4Q0YyOTNCQjg3NjU5LmpwZw.jpg",
        "accessibility": "Paket Clipsy Mix čipsov z različnimi oblikami in okusi."
      }
    ],
    "analytics_category": "Food",
    "more_details": "Dodatne podrobnosti o izdelku",
    "won_category_primary": "Svetovi potreb/Hrana in bližnja hrana/Prigrizki in slaščice",
    "won_category_primary_path": "0/17/1721",
    "canonical_path": "/p/clipsy-mix/p10082078",
    "canonical_url": "/p/clipsy-mix/p10082078",
    "awards": [],
    "seals": [],
    "ribbons": [],
    "highlighted_seals": 0,
    "lidl_plus": [],
    "regions": [],
    "ians": [
      "7308598"
    ],
    "show_brand": false,
    "deal_of_day_active": false,
    "full_title_meta": "Clipsy Mix",
    "lists": [
      4986
    ],
    "preview": false,
    "category_breadcrumbs": [
      {
        "id": "10068374",
        "name": "Hrana in pijača",
        "url": "/c/hrana-in-pijaca/s10068374",
        "hidden": false
      },
      {
        "id": "10071044",
        "name": "Prigrizki in sladkarije",
        "url": "/h/prigrizki-in-sladkarije/h10071044",
        "hidden": false
      }
    ],
    "campaigns": [
      {
        "id": "Current_Sales_Week",
        "name": "Ta teden",
        "url": null,
        "hidden": false
      },
      {
        "id": "10074808",
        "name": "Tvoja Lidl cena",
        "url": "/c/tvoja-lidl-cena/a10074808",
        "hidden": false
      }
    ],
    "world_of_needs_code": "1721",
    "world_of_needs_name": "Prigrizki in slaščice",
    "world_of_needs_parent": "17",
    "is_main_category": true,
    "super_categories": [
      {
        "code": "17",
        "name": "Hrana in bližnja hrana",
        "parent": "0"
      },
      {
        "code": "0",
        "name": "Svetovi potreb",
        "parent": ""
      }
    ],
    "position": 425,
    "tracking_payload": {
      "searchTrackingMasterId": "Product.10082078",
      "searchTrackingTitle": "Clipsy+Mix",
      "searchTrackingPageSize": 100,
      "searchTrackingPage": 5,
      "searchTrackingEvent": "click",
      "list": "search",
      "searchTrackingId": "Product.10082078",
      "searchTrackingOrigPos": 1,
      "searchTrackingPos": 425,
      "searchTrackingOrigPageSize": 100,
      "searchTrackingChannel": "SI",
      "category": "Food"
    }
  },
  {
    "code": "10082070",
    "name": "Pohorska omleta",
    "url": "",
    "result_class": "product",
    "type": "product",
    "product_id": 10082070,
    "erp_number": "10082070",
    "item_id": 10082070,
    "full_title": "STARI ROGLJIČEK Pohorska omleta",
    "title": "Pohorska omleta",
    "category": "Food",
    "product_type": "RETAIL",
    "age_restriction": false,
    "is_used_product": false,
    "multipack": false,
    "online": false,
    "store": true,
    "quick_add_to_cart": false,
    "flash_sales": false,
    "having_videos": false,
    "having_threesixty": false,
    "price": 4.49,
    "old_price": 0.0,
    "currency_code": "EUR",
    "currency_symbol": "€",
    "has_star": true,
    "has_vat": false,
    "price_theme": "white_red",
    "variants_have_different_prices": false,
    "base_price_text": "1 kg = 17.96",
    "base_price_prefix": false,
    "packaging_text": "250 g",
    "discount_deleted_price": null,
    "discount_text": "ZGRABITE PRILOŽNOST!",
    "discount_percentage": null,
    "discount_has_star": false,
    "show_discount": false,
    "show_percentage": false,
    "from_recommended_price": false,
    "availability_indicator": 0,
    "online_available": false,
    "min_orderable_quantity": 1,
    "orderable_quantities": [],
    "badge_texts": [
      "V trgovini od 03.07. do 09.07."
    ],
    "badge_types": [
      "IN_STORE_PAST_DATE_RANGE"
    ],
    "main_image": "https://imgproxy-retcat.assets.schwarz/acX_BoUcD6dcWNvWgxbYvgq9WMyEex6GQAPBZaCSVCs/sm:1/w:427/h:320/cz/M6Ly9wcm9kLWNhd/GFsb2ctbWVkaWEvc2kvMS9GOEE1OTBENkUxNkVCQjA5QTYwNjg4MjA/4NTg3QUEyRTk3Qzk4QzdBMjk1MTQ5MEI3REJFRjlCRTRCQ0I1QzA3LmpwZw.jpg",
    "image_list": [
      "https://imgproxy-retcat.assets.schwarz/acX_BoUcD6dcWNvWgxbYvgq9WMyEex6GQAPBZaCSVCs/sm:1/w:427/h:320/cz/M6Ly9wcm9kLWNhd/GFsb2ctbWVkaWEvc2kvMS9GOEE1OTBENkUxNkVCQjA5QTYwNjg4MjA/4NTg3QUEyRTk3Qzk4QzdBMjk1MTQ5MEI3REJFRjlCRTRCQ0I1QzA3LmpwZw.jpg",
      "https://imgproxy-retcat.assets.schwarz/N5m0dIvwnVdYmplwZjNZ6ftVjwR-NV-dXmKwpijlM74/sm:1/w:427/h:320/cz/M6Ly9wcm9kLWNhd/GFsb2ctbWVkaWEvc2kvMS8wQzZBQjdCODc4OEZGNTM4RDI4M0I3NjV/ENTRGMDE0MTlDMDE5NTE1NTY4OEYyNERFRDNGNUNBMzVCNEZCMzM3LmpwZw.jpg",
      "https://imgproxy-retcat.assets.schwarz/tF_MB886ElaOjPdwfrMI0ZlC9lCrepY49-U6sQSYQFY/sm:1/w:427/h:320/cz/M6Ly9wcm9kLWNhd/GFsb2ctbWVkaWEvc2kvMS85NzYwM0M5RkJEOTU5NERBQzAxMjkzNEN/GMDc2N0QzQUQ1OTM2RTY4MzBGNTM3NTVCNUU1MzNEMzhDRUEzOEE0LmpwZw.jpg"
    ],
    "image_accessibility": "Pakiranje ponudbe omele in posamezen kos na krožniku.",
    "detailed_images": [
      {
        "url": "https://imgproxy-retcat.assets.schwarz/acX_BoUcD6dcWNvWgxbYvgq9WMyEex6GQAPBZaCSVCs/sm:1/w:427/h:320/cz/M6Ly9wcm9kLWNhd/GFsb2ctbWVkaWEvc2kvMS9GOEE1OTBENkUxNkVCQjA5QTYwNjg4MjA/4NTg3QUEyRTk3Qzk4QzdBMjk1MTQ5MEI3REJFRjlCRTRCQ0I1QzA3LmpwZw.jpg",
        "accessibility": "Pakiranje ponudbe omele in posamezen kos na krožniku."
      },
      {
        "url": "https://imgproxy-retcat.assets.schwarz/N5m0dIvwnVdYmplwZjNZ6ftVjwR-NV-dXmKwpijlM74/sm:1/w:427/h:320/cz/M6Ly9wcm9kLWNhd/GFsb2ctbWVkaWEvc2kvMS8wQzZBQjdCODc4OEZGNTM4RDI4M0I3NjV/ENTRGMDE0MTlDMDE5NTE1NTY4OEYyNERFRDNGNUNBMzVCNEZCMzM3LmpwZw.jpg",
        "accessibility": "Pakiranje Pohorska omleta."
      },
      {
        "url": "https://imgproxy-retcat.assets.schwarz/tF_MB886ElaOjPdwfrMI0ZlC9lCrepY49-U6sQSYQFY/sm:1/w:427/h:320/cz/M6Ly9wcm9kLWNhd/GFsb2ctbWVkaWEvc2kvMS85NzYwM0M5RkJEOTU5NERBQzAxMjkzNEN/GMDc2N0QzQUQ1OTM2RTY4MzBGNTM3NTVCNUU1MzNEMzhDRUEzOEE0LmpwZw.jpg",
        "accessibility": "Tapioka palačinka s sladkim nadevom na modrem krožniku."
      }
    ],
    "analytics_category": "Food",
    "more_details": "Dodatne podrobnosti o izdelku",
    "won_category_primary": "Svetovi potreb/Hrana in bližnja hrana/Kruh in pekovsko pecivo",
    "won_category_primary_path": "0/17/1713",
    "canonical_path": "/p/stari-rogljicek-pohorska-omleta/p10082070",
    "canonical_url": "/p/stari-rogljicek-pohorska-omleta/p10082070",
    "awards": [],
    "seals": [
      {
        "altText": "Slovenski izdelek",
        "image": "https://imgproxy-retcat.assets.schwarz/065GlWscfuyzRNlqdEjgEaZNE6893872XSglFaanlJA/sm:1/w:140/cz/M6Ly9wcm9kLWNhd/GFsb2ctbWVkaWEvc2kvMi83RTk4NkYyRDk1MTlDRUJBNzA1N0JGMzA/1QjA1NjUyRjVCMjMzNzZGRjY4MzVEREFGQzIwQzE5NDVFQUE5M0RCLnBuZw.png"
      },
      {
        "altText": "Nalepka: Hlajeno",
        "image": "https://imgproxy-retcat.assets.schwarz/7x3Iby7aD19hFySDnP2YoXt7E1r0JrvJVj0QO1gUOes/sm:1/w:140/cz/M6Ly9wcm9kLWNhd/GFsb2ctbWVkaWEvc2kvMi8xMzFBN0E2RDlCREZGREQxOEE2OTFDNEZ/FNDE5RTM0QUMxQjY4OEQ0OUY2QTAxMTRDRjQ1RjdCNTNDRjM2NUJBLnBuZw.png"
      }
    ],
    "ribbons": [],
    "highlighted_seals": 0,
    "lidl_plus": [],
    "regions": [],
    "ians": [
      "7305774"
    ],
    "show_brand": true,
    "deal_of_day_active": false,
    "full_title_meta": "STARI ROGLJIČEK Pohorska omleta",
    "lists": [
      4986
    ],
    "preview": false,
    "category_breadcrumbs": [
      {
        "id": "10068374",
        "name": "Hrana in pijača",
        "url": "/c/hrana-in-pijaca/s10068374",
        "hidden": false
      },
      {
        "id": "10071015",
        "name": "Kruh in pekovski izdelki",
        "url": "/h/kruh-in-pekovski-izdelki/h10071015",
        "hidden": false
      }
    ],
    "campaigns": [
      {
        "id": "Current_Sales_Week",
        "name": "Ta teden",
        "url": null,
        "hidden": false
      },
      {
        "id": "10074808",
        "name": "Tvoja Lidl cena",
        "url": "/c/tvoja-lidl-cena/a10074808",
        "hidden": false
      }
    ],
    "world_of_needs_code": "1713",
    "world_of_needs_name": "Kruh in pekovsko pecivo",
    "world_of_needs_parent": "17",
    "is_main_category": true,
    "super_categories": [
      {
        "code": "17",
        "name": "Hrana in bližnja hrana",
        "parent": "0"
      },
      {
        "code": "0",
        "name": "Svetovi potreb",
        "parent": ""
      }
    ],
    "position": 426,
    "tracking_payload": {
      "searchTrackingMasterId": "Product.10082070",
      "searchTrackingTitle": "Pohorska+omleta",
      "searchTrackingPageSize": 100,
      "searchTrackingPage": 5,
      "searchTrackingEvent": "click",
      "list": "search",
      "searchTrackingId": "Product.10082070",
      "searchTrackingOrigPos": 1,
      "searchTrackingPos": 426,
      "searchTrackingOrigPageSize": 100,
      "searchTrackingChannel": "SI",
      "category": "Food"
    }
  },
  {
    "code": "10082066",
    "name": "Crunchy cookies",
    "url": "",
    "result_class": "product",
    "type": "product",
    "product_id": 10082066,
    "erp_number": "10082066",
    "item_id": 10082066,
    "full_title": "KINDER Crunchy cookies",
    "title": "Crunchy cookies",
    "category": "Food",
    "product_type": "RETAIL",
    "age_restriction": false,
    "is_used_product": false,
    "multipack": false,
    "online": false,
    "store": true,
    "quick_add_to_cart": false,
    "flash_sales": false,
    "having_videos": false,
    "having_threesixty": false,
    "price": 3.29,
    "old_price": 0.0,
    "currency_code": "EUR",
    "currency_symbol": "€",
    "has_star": true,
    "has_vat": false,
    "price_theme": "white_red",
    "variants_have_different_prices": false,
    "base_price_text": "1 kg = 24.19",
    "base_price_prefix": false,
    "packaging_text": "136 g",
    "discount_deleted_price": null,
    "discount_text": "ZGRABITE PRILOŽNOST!",
    "discount_percentage": null,
    "discount_has_star": false,
    "show_discount": false,
    "show_percentage": false,
    "from_recommended_price": false,
    "availability_indicator": 0,
    "online_available": false,
    "min_orderable_quantity": 1,
    "orderable_quantities": [],
    "badge_texts": [
      "V trgovini od 03.07. do 09.07."
    ],
    "badge_types": [
      "IN_STORE_PAST_DATE_RANGE"
    ],
    "main_image": "https://imgproxy-retcat.assets.schwarz/XZjNxxdLZrHmyCvmAir8sbv2IxDG73dVr8zneFqX494/sm:1/w:427/h:320/cz/M6Ly9wcm9kLWNhd/GFsb2ctbWVkaWEvc2kvMS81Njg0MzQ5NkU3MjkzMDJFNDJERDA0MzV/GQTUwRUI2NkY2ODNDNzAyOUNDQzM4QjdFMDMyOTRFMEJBOUVENTBBLmpwZw.jpg",
    "image_list": [
      "https://imgproxy-retcat.assets.schwarz/XZjNxxdLZrHmyCvmAir8sbv2IxDG73dVr8zneFqX494/sm:1/w:427/h:320/cz/M6Ly9wcm9kLWNhd/GFsb2ctbWVkaWEvc2kvMS81Njg0MzQ5NkU3MjkzMDJFNDJERDA0MzV/GQTUwRUI2NkY2ODNDNzAyOUNDQzM4QjdFMDMyOTRFMEJBOUVENTBBLmpwZw.jpg"
    ],
    "image_accessibility": "Pakiranje čokoladnih piškotov Dr. Oetker Crunky.",
    "detailed_images": [
      {
        "url": "https://imgproxy-retcat.assets.schwarz/XZjNxxdLZrHmyCvmAir8sbv2IxDG73dVr8zneFqX494/sm:1/w:427/h:320/cz/M6Ly9wcm9kLWNhd/GFsb2ctbWVkaWEvc2kvMS81Njg0MzQ5NkU3MjkzMDJFNDJERDA0MzV/GQTUwRUI2NkY2ODNDNzAyOUNDQzM4QjdFMDMyOTRFMEJBOUVENTBBLmpwZw.jpg",
        "accessibility": "Pakiranje čokoladnih piškotov Dr. Oetker Crunky."
      }
    ],
    "analytics_category": "Food",
    "more_details": "Dodatne podrobnosti o izdelku",
    "won_category_primary": "Svetovi potreb/Hrana in bližnja hrana/Prigrizki in slaščice",
    "won_category_primary_path": "0/17/1721",
    "canonical_path": "/p/kinder-crunchy-cookies/p10082066",
    "canonical_url": "/p/kinder-crunchy-cookies/p10082066",
    "awards": [],
    "seals": [],
    "ribbons": [],
    "highlighted_seals": 0,
    "lidl_plus": [],
    "regions": [],
    "ians": [
      "215778"
    ],
    "show_brand": true,
    "deal_of_day_active": false,
    "full_title_meta": "KINDER Crunchy cookies",
    "lists": [
      4986
    ],
    "preview": false,
    "category_breadcrumbs": [
      {
        "id": "10068374",
        "name": "Hrana in pijača",
        "url": "/c/hrana-in-pijaca/s10068374",
        "hidden": false
      },
      {
        "id": "10071044",
        "name": "Prigrizki in sladkarije",
        "url": "/h/prigrizki-in-sladkarije/h10071044",
        "hidden": false
      }
    ],
    "campaigns": [
      {
        "id": "Current_Sales_Week",
        "name": "Ta teden",
        "url": null,
        "hidden": false
      },
      {
        "id": "10074808",
        "name": "Tvoja Lidl cena",
        "url": "/c/tvoja-lidl-cena/a10074808",
        "hidden": false
      }
    ],
    "world_of_needs_code": "1721",
    "world_of_needs_name": "Prigrizki in slaščice",
    "world_of_needs_parent": "17",
    "is_main_category": true,
    "super_categories": [
      {
        "code": "17",
        "name": "Hrana in bližnja hrana",
        "parent": "0"
      },
      {
        "code": "0",
        "name": "Svetovi potreb",
        "parent": ""
      }
    ],
    "position": 427,
    "tracking_payload": {
      "searchTrackingMasterId": "Product.10082066",
      "searchTrackingTitle": "Crunchy+cookies",
      "searchTrackingPageSize": 100,
      "searchTrackingPage": 5,
      "searchTrackingEvent": "click",
      "list": "search",
      "searchTrackingId": "Product.10082066",
      "searchTrackingOrigPos": 1,
      "searchTrackingPos": 427,
      "searchTrackingOrigPageSize": 100,
      "searchTrackingChannel": "SI",
      "category": "Food"
    }
  },
  {
    "code": "10082197",
    "name": "Kapsule za strojno pomivanje posode",
    "url": "",
    "result_class": "product",
    "type": "product",
    "product_id": 10082197,
    "erp_number": "10082197",
    "item_id": 10082197,
    "full_title": "SOMAT Kapsule za strojno pomivanje posode",
    "title": "Kapsule za strojno pomivanje posode",
    "category": "Food",
    "product_type": "RETAIL",
    "age_restriction": false,
    "is_used_product": false,
    "multipack": false,
    "online": false,
    "store": true,
    "quick_add_to_cart": false,
    "flash_sales": false,
    "having_videos": false,
    "having_threesixty": false,
    "price": 17.99,
    "old_price": 0.0,
    "currency_code": "EUR",
    "currency_symbol": "€",
    "has_star": true,
    "has_vat": false,
    "price_theme": "white_red",
    "variants_have_different_prices": false,
    "base_price_text": "1 kos = 0.24",
    "base_price_prefix": false,
    "packaging_text": "75 kosov",
    "discount_deleted_price": null,
    "discount_text": "ZGRABITE PRILOŽNOST!",
    "discount_percentage": null,
    "discount_has_star": false,
    "show_discount": false,
    "show_percentage": false,
    "from_recommended_price": false,
    "availability_indicator": 0,
    "online_available": false,
    "min_orderable_quantity": 1,
    "orderable_quantities": [],
    "badge_texts": [
      "V trgovini od 03.07."
    ],
    "badge_types": [
      "IN_STORE_FROM_DATE_PAST"
    ],
    "main_image": "https://imgproxy-retcat.assets.schwarz/uSgb6W3UDu4L3gcmiDLB5fmd5lGd7V5SA4tTjcY-49g/sm:1/w:427/h:320/cz/M6Ly9wcm9kLWNhd/GFsb2ctbWVkaWEvc2kvMS9COEVGQjBDOTAyMDg1MEMwQ0JDRjAzRDg/0Qzg0MTMwOTI1OUJDMkQ0RkQ3NTNCOTQ1NDc4QkY3OTk2ODk2NDEyLmpwZw.jpg",
    "image_list": [
      "https://imgproxy-retcat.assets.schwarz/uSgb6W3UDu4L3gcmiDLB5fmd5lGd7V5SA4tTjcY-49g/sm:1/w:427/h:320/cz/M6Ly9wcm9kLWNhd/GFsb2ctbWVkaWEvc2kvMS9COEVGQjBDOTAyMDg1MEMwQ0JDRjAzRDg/0Qzg0MTMwOTI1OUJDMkQ0RkQ3NTNCOTQ1NDc4QkY3OTk2ODk2NDEyLmpwZw.jpg"
    ],
    "image_accessibility": "Paket Somat Excellence pralnega praška za pomivalni stroj.",
    "detailed_images": [
      {
        "url": "https://imgproxy-retcat.assets.schwarz/uSgb6W3UDu4L3gcmiDLB5fmd5lGd7V5SA4tTjcY-49g/sm:1/w:427/h:320/cz/M6Ly9wcm9kLWNhd/GFsb2ctbWVkaWEvc2kvMS9COEVGQjBDOTAyMDg1MEMwQ0JDRjAzRDg/0Qzg0MTMwOTI1OUJDMkQ0RkQ3NTNCOTQ1NDc4QkY3OTk2ODk2NDEyLmpwZw.jpg",
        "accessibility": "Paket Somat Excellence pralnega praška za pomivalni stroj."
      }
    ],
    "analytics_category": "Food",
    "more_details": "Dodatne podrobnosti o izdelku",
    "won_category_primary": "Svetovi potreb/Hrana in bližnja hrana/Drogerija - higiena, otroška hrana, kozmetika, čistila",
    "won_category_primary_path": "0/17/1723",
    "canonical_path": "/p/somat-kapsule-za-strojno-pomivanje-posode/p10082197",
    "canonical_url": "/p/somat-kapsule-za-strojno-pomivanje-posode/p10082197",
    "awards": [],
    "seals": [],
    "ribbons": [],
    "highlighted_seals": 0,
    "lidl_plus": [],
    "regions": [],
    "ians": [
      "217128"
    ],
    "show_brand": true,
    "deal_of_day_active": false,
    "full_title_meta": "SOMAT Kapsule za strojno pomivanje posode",
    "lists": [
      4986
    ],
    "preview": false,
    "category_breadcrumbs": [
      {
        "id": "10068374",
        "name": "Hrana in pijača",
        "url": "/c/hrana-in-pijaca/s10068374",
        "hidden": false
      },
      {
        "id": "10071019",
        "name": "Osebna nega",
        "url": "/h/osebna-nega/h10071019",
        "hidden": false
      }
    ],
    "campaigns": [
      {
        "id": "Current_Sales_Week",
        "name": "Ta teden",
        "url": null,
        "hidden": false
      },
      {
        "id": "10074808",
        "name": "Tvoja Lidl cena",
        "url": "/c/tvoja-lidl-cena/a10074808",
        "hidden": false
      }
    ],
    "world_of_needs_code": "1723",
    "world_of_needs_name": "Drogerija - higiena, otroška hrana, kozmetika, čistila",
    "world_of_needs_parent": "17",
    "is_main_category": true,
    "super_categories": [
      {
        "code": "17",
        "name": "Hrana in bližnja hrana",
        "parent": "0"
      },
      {
        "code": "0",
        "name": "Svetovi potreb",
        "parent": ""
      }
    ],
    "position": 428,
    "tracking_payload": {
      "searchTrackingMasterId": "Product.10082197",
      "searchTrackingTitle": "Kapsule+za+strojno+pomivanje+posode",
      "searchTrackingPageSize": 100,
      "searchTrackingPage": 5,
      "searchTrackingEvent": "click",
      "list": "search",
      "searchTrackingId": "Product.10082197",
      "searchTrackingOrigPos": 1,
      "searchTrackingPos": 428,
      "searchTrackingOrigPageSize": 100,
      "searchTrackingChannel": "SI",
      "category": "Food"
    }
  },
  {
    "code": "10082203",
    "name": "Gel za odmaševanje odtokov",
    "url": "",
    "result_class": "product",
    "type": "product",
    "product_id": 10082203,
    "erp_number": "10082203",
    "item_id": 10082203,
    "full_title": "MR. MUSCLE Gel za odmaševanje odtokov",
    "title": "Gel za odmaševanje odtokov",
    "category": "Food",
    "product_type": "RETAIL",
    "age_restriction": false,
    "is_used_product": false,
    "multipack": false,
    "online": false,
    "store": true,
    "quick_add_to_cart": false,
    "flash_sales": false,
    "having_videos": false,
    "having_threesixty": false,
    "price": 8.99,
    "old_price": 0.0,
    "currency_code": "EUR",
    "currency_symbol": "€",
    "has_star": true,
    "has_vat": false,
    "price_theme": "white_red",
    "variants_have_different_prices": false,
    "base_price_text": "1 l = 4.50",
    "base_price_prefix": false,
    "packaging_text": "2 x 1 l",
    "discount_deleted_price": null,
    "discount_text": "ZGRABITE PRILOŽNOST!",
    "discount_percentage": null,
    "discount_has_star": false,
    "show_discount": false,
    "show_percentage": false,
    "from_recommended_price": false,
    "availability_indicator": 0,
    "online_available": false,
    "min_orderable_quantity": 1,
    "orderable_quantities": [],
    "badge_texts": [
      "V trgovini od 03.07."
    ],
    "badge_types": [
      "IN_STORE_FROM_DATE_PAST"
    ],
    "main_image": "https://imgproxy-retcat.assets.schwarz/DssWHAZIs_-0TSfRTIO6L3R4AoyOa6EapstCciWaiGk/sm:1/w:427/h:320/cz/M6Ly9wcm9kLWNhd/GFsb2ctbWVkaWEvc2kvMS84MjRGN0YxRjIxQjAzQkE1M0Y1RTBGNzR/DRTQ3Mjc4NjJERkI5QTQxQjhBMUNGQjI2MTVCRUFEMzZGOUVCMTQ4LmpwZw.jpg",
    "image_list": [
      "https://imgproxy-retcat.assets.schwarz/DssWHAZIs_-0TSfRTIO6L3R4AoyOa6EapstCciWaiGk/sm:1/w:427/h:320/cz/M6Ly9wcm9kLWNhd/GFsb2ctbWVkaWEvc2kvMS84MjRGN0YxRjIxQjAzQkE1M0Y1RTBGNzR/DRTQ3Mjc4NjJERkI5QTQxQjhBMUNGQjI2MTVCRUFEMzZGOUVCMTQ4LmpwZw.jpg"
    ],
    "image_accessibility": "Dvojni paket čistila za odtoke Mr Muscle.",
    "detailed_images": [
      {
        "url": "https://imgproxy-retcat.assets.schwarz/DssWHAZIs_-0TSfRTIO6L3R4AoyOa6EapstCciWaiGk/sm:1/w:427/h:320/cz/M6Ly9wcm9kLWNhd/GFsb2ctbWVkaWEvc2kvMS84MjRGN0YxRjIxQjAzQkE1M0Y1RTBGNzR/DRTQ3Mjc4NjJERkI5QTQxQjhBMUNGQjI2MTVCRUFEMzZGOUVCMTQ4LmpwZw.jpg",
        "accessibility": "Dvojni paket čistila za odtoke Mr Muscle."
      }
    ],
    "analytics_category": "Food",
    "more_details": "Dodatne podrobnosti o izdelku",
    "won_category_primary": "Svetovi potreb/Hrana in bližnja hrana/Drogerija - higiena, otroška hrana, kozmetika, čistila",
    "won_category_primary_path": "0/17/1723",
    "canonical_path": "/p/mr-muscle-gel-za-odmasevanje-odtokov/p10082203",
    "canonical_url": "/p/mr-muscle-gel-za-odmasevanje-odtokov/p10082203",
    "awards": [],
    "seals": [],
    "ribbons": [],
    "highlighted_seals": 0,
    "lidl_plus": [],
    "regions": [],
    "ians": [
      "7308482"
    ],
    "show_brand": true,
    "deal_of_day_active": false,
    "full_title_meta": "MR. MUSCLE Gel za odmaševanje odtokov",
    "lists": [
      4986
    ],
    "preview": false,
    "category_breadcrumbs": [
      {
        "id": "10068374",
        "name": "Hrana in pijača",
        "url": "/c/hrana-in-pijaca/s10068374",
        "hidden": false
      },
      {
        "id": "10071019",
        "name": "Osebna nega",
        "url": "/h/osebna-nega/h10071019",
        "hidden": false
      }
    ],
    "campaigns": [
      {
        "id": "Current_Sales_Week",
        "name": "Ta teden",
        "url": null,
        "hidden": false
      },
      {
        "id": "10074808",
        "name": "Tvoja Lidl cena",
        "url": "/c/tvoja-lidl-cena/a10074808",
        "hidden": false
      }
    ],
    "world_of_needs_code": "1723",
    "world_of_needs_name": "Drogerija - higiena, otroška hrana, kozmetika, čistila",
    "world_of_needs_parent": "17",
    "is_main_category": true,
    "super_categories": [
      {
        "code": "17",
        "name": "Hrana in bližnja hrana",
        "parent": "0"
      },
      {
        "code": "0",
        "name": "Svetovi potreb",
        "parent": ""
      }
    ],
    "position": 429,
    "tracking_payload": {
      "searchTrackingMasterId": "Product.10082203",
      "searchTrackingTitle": "Gel+za+odma%C5%A1evanje+odtokov",
      "searchTrackingPageSize": 100,
      "searchTrackingPage": 5,
      "searchTrackingEvent": "click",
      "list": "search",
      "searchTrackingId": "Product.10082203",
      "searchTrackingOrigPos": 1,
      "searchTrackingPos": 429,
      "searchTrackingOrigPageSize": 100,
      "searchTrackingChannel": "SI",
      "category": "Food"
    }
  },
  {
    "code": "10082393",
    "name": "Vrtnica v lončku",
    "url": "",
    "result_class": "product",
    "type": "product",
    "product_id": 10082393,
    "erp_number": "10082393",
    "item_id": 10082393,
    "full_title": "Vrtnica v lončku",
    "title": "Vrtnica v lončku",
    "category": "Food",
    "product_type": "RETAIL",
    "age_restriction": false,
    "is_used_product": false,
    "multipack": false,
    "online": false,
    "store": true,
    "quick_add_to_cart": false,
    "flash_sales": false,
    "having_videos": false,
    "having_threesixty": false,
    "price": 2.99,
    "old_price": 0.0,
    "currency_code": "EUR",
    "currency_symbol": "€",
    "has_star": true,
    "has_vat": false,
    "price_theme": "white_red",
    "variants_have_different_prices": false,
    "base_price_text": null,
    "base_price_prefix": null,
    "packaging_text": "kos",
    "discount_deleted_price": null,
    "discount_text": "ZGRABITE PRILOŽNOST!",
    "discount_percentage": null,
    "discount_has_star": false,
    "show_discount": false,
    "show_percentage": false,
    "from_recommended_price": false,
    "availability_indicator": 0,
    "online_available": false,
    "min_orderable_quantity": 1,
    "orderable_quantities": [],
    "badge_texts": [
      "V trgovini od 03.07."
    ],
    "badge_types": [
      "IN_STORE_FROM_DATE_PAST"
    ],
    "main_image": "https://imgproxy-retcat.assets.schwarz/UHRYrJkD7MahNN8lqfXXYf6mHaOMzWcki14wKsArJAY/sm:1/w:427/h:320/cz/M6Ly9wcm9kLWNhd/GFsb2ctbWVkaWEvc2kvMS80NTRDQzE2MDNEQzcwMEIyNkE3MjNDRjM/1NTY2NjE4MkZDODlFODE0QTRBNDcxM0Q4NENEN0ZGRjc3MjJENDYzLmpwZw.jpg",
    "image_list": [
      "https://imgproxy-retcat.assets.schwarz/UHRYrJkD7MahNN8lqfXXYf6mHaOMzWcki14wKsArJAY/sm:1/w:427/h:320/cz/M6Ly9wcm9kLWNhd/GFsb2ctbWVkaWEvc2kvMS80NTRDQzE2MDNEQzcwMEIyNkE3MjNDRjM/1NTY2NjE4MkZDODlFODE0QTRBNDcxM0Q4NENEN0ZGRjc3MjJENDYzLmpwZw.jpg",
      "https://imgproxy-retcat.assets.schwarz/68csy09qweodchA3FR18ClnUZr_69ZvGUeuAjC05pe8/sm:1/w:427/h:320/cz/M6Ly9wcm9kLWNhd/GFsb2ctbWVkaWEvc2kvMS85MzU3NzBEMkZFOTU1NEJDRDM3NTAzRTJ/FQUFFMzQ1RDEzMDE3QjdFMjYzQ0RFMDVGNDJGNDA5RkVBMTkyMTUyLmpwZw.jpg",
      "https://imgproxy-retcat.assets.schwarz/DeCkIrPZGuvC-YC9ZdLfnvw-6iisQul8uoDQZNFI7ys/sm:1/w:427/h:320/cz/M6Ly9wcm9kLWNhd/GFsb2ctbWVkaWEvc2kvMS9FNEYwNDBFMDE1MEFEMTA2REJGQjNBQjV/GRjdDQ0NGRUM4Nzk1NTBCNTk0RTNDNDlFMzBGQzZGRTYzRUZCRTM3LmpwZw.jpg"
    ],
    "image_accessibility": "Trije lončki vrtnic v pisanih ovojih.",
    "detailed_images": [
      {
        "url": "https://imgproxy-retcat.assets.schwarz/UHRYrJkD7MahNN8lqfXXYf6mHaOMzWcki14wKsArJAY/sm:1/w:427/h:320/cz/M6Ly9wcm9kLWNhd/GFsb2ctbWVkaWEvc2kvMS80NTRDQzE2MDNEQzcwMEIyNkE3MjNDRjM/1NTY2NjE4MkZDODlFODE0QTRBNDcxM0Q4NENEN0ZGRjc3MjJENDYzLmpwZw.jpg",
        "accessibility": "Trije lončki vrtnic v pisanih ovojih."
      },
      {
        "url": "https://imgproxy-retcat.assets.schwarz/68csy09qweodchA3FR18ClnUZr_69ZvGUeuAjC05pe8/sm:1/w:427/h:320/cz/M6Ly9wcm9kLWNhd/GFsb2ctbWVkaWEvc2kvMS85MzU3NzBEMkZFOTU1NEJDRDM3NTAzRTJ/FQUFFMzQ1RDEzMDE3QjdFMjYzQ0RFMDVGNDJGNDA5RkVBMTkyMTUyLmpwZw.jpg",
        "accessibility": "Majhna rožnata rastlina v okrasni embalaži."
      },
      {
        "url": "https://imgproxy-retcat.assets.schwarz/DeCkIrPZGuvC-YC9ZdLfnvw-6iisQul8uoDQZNFI7ys/sm:1/w:427/h:320/cz/M6Ly9wcm9kLWNhd/GFsb2ctbWVkaWEvc2kvMS9FNEYwNDBFMDE1MEFEMTA2REJGQjNBQjV/GRjdDQ0NGRUM4Nzk1NTBCNTk0RTNDNDlFMzBGQzZGRTYzRUZCRTM3LmpwZw.jpg",
        "accessibility": "Rožice v roza ovojnici s srčkami."
      }
    ],
    "analytics_category": "Food",
    "more_details": "Dodatne podrobnosti o izdelku",
    "won_category_primary": "Svetovi potreb/Hrana in bližnja hrana/Cvetje & Rastline (Žive rastline in šopki)",
    "won_category_primary_path": "0/17/1732",
    "canonical_path": "/p/vrtnica-v-loncku/p10082393",
    "canonical_url": "/p/vrtnica-v-loncku/p10082393",
    "awards": [],
    "seals": [],
    "ribbons": [],
    "highlighted_seals": 0,
    "lidl_plus": [],
    "regions": [],
    "ians": [
      "162151"
    ],
    "show_brand": false,
    "deal_of_day_active": false,
    "full_title_meta": "Vrtnica v lončku",
    "lists": [
      4986
    ],
    "preview": false,
    "category_breadcrumbs": [
      {
        "id": "10068374",
        "name": "Hrana in pijača",
        "url": "/c/hrana-in-pijaca/s10068374",
        "hidden": false
      },
      {
        "id": "10071024",
        "name": "Rože in rastline",
        "url": "/h/roze-in-rastline/h10071024",
        "hidden": false
      }
    ],
    "campaigns": [
      {
        "id": "10025105",
        "name": "Cvetličarna",
        "url": "/c/cvetlicarna/a10025105",
        "hidden": false
      }
    ],
    "world_of_needs_code": "1732",
    "world_of_needs_name": "Cvetje & Rastline (Žive rastline in šopki)",
    "world_of_needs_parent": "17",
    "is_main_category": true,
    "super_categories": [
      {
        "code": "17",
        "name": "Hrana in bližnja hrana",
        "parent": "0"
      },
      {
        "code": "0",
        "name": "Svetovi potreb",
        "parent": ""
      }
    ],
    "position": 430,
    "tracking_payload": {
      "searchTrackingMasterId": "Product.10082393",
      "searchTrackingTitle": "Vrtnica+v+lon%C4%8Dku",
      "searchTrackingPageSize": 100,
      "searchTrackingPage": 5,
      "searchTrackingEvent": "click",
      "list": "search",
      "searchTrackingId": "Product.10082393",
      "searchTrackingOrigPos": 1,
      "searchTrackingPos": 430,
      "searchTrackingOrigPageSize": 100,
      "searchTrackingChannel": "SI",
      "category": "Food"
    }
  },
  {
    "code": "10082395",
    "name": "Oleander",
    "url": "",
    "result_class": "product",
    "type": "product",
    "product_id": 10082395,
    "erp_number": "10082395",
    "item_id": 10082395,
    "full_title": "Oleander",
    "title": "Oleander",
    "category": "Food",
    "product_type": "RETAIL",
    "age_restriction": false,
    "is_used_product": false,
    "multipack": false,
    "online": false,
    "store": true,
    "quick_add_to_cart": false,
    "flash_sales": false,
    "having_videos": false,
    "having_threesixty": false,
    "price": 6.99,
    "old_price": 0.0,
    "currency_code": "EUR",
    "currency_symbol": "€",
    "has_star": true,
    "has_vat": false,
    "price_theme": "white_red",
    "variants_have_different_prices": false,
    "base_price_text": null,
    "base_price_prefix": null,
    "packaging_text": "kos",
    "discount_deleted_price": null,
    "discount_text": "ZGRABITE PRILOŽNOST!",
    "discount_percentage": null,
    "discount_has_star": false,
    "show_discount": false,
    "show_percentage": false,
    "from_recommended_price": false,
    "availability_indicator": 0,
    "online_available": false,
    "min_orderable_quantity": 1,
    "orderable_quantities": [],
    "badge_texts": [
      "V trgovini od 03.07."
    ],
    "badge_types": [
      "IN_STORE_FROM_DATE_PAST"
    ],
    "main_image": "https://imgproxy-retcat.assets.schwarz/YKl3LnOT7A0z8IhXgDVFRa6oFWoZCpCjHcf7at0Gvh0/sm:1/w:427/h:320/cz/M6Ly9wcm9kLWNhd/GFsb2ctbWVkaWEvc2kvMS9FMERCNzUwNEU0NzVCQ0NEQzMzRTk3RjQ/2RTE5OThDQjgwMTdCQjk2NTEzODAzNURERDM3NDFDM0IxRUYxMUMxLmpwZw.jpg",
    "image_list": [
      "https://imgproxy-retcat.assets.schwarz/YKl3LnOT7A0z8IhXgDVFRa6oFWoZCpCjHcf7at0Gvh0/sm:1/w:427/h:320/cz/M6Ly9wcm9kLWNhd/GFsb2ctbWVkaWEvc2kvMS9FMERCNzUwNEU0NzVCQ0NEQzMzRTk3RjQ/2RTE5OThDQjgwMTdCQjk2NTEzODAzNURERDM3NDFDM0IxRUYxMUMxLmpwZw.jpg",
      "https://imgproxy-retcat.assets.schwarz/bnqVxFh3GN-OR73csRu_C-BSCGuqO2YfrKSaSrNvy7o/sm:1/w:427/h:320/cz/M6Ly9wcm9kLWNhd/GFsb2ctbWVkaWEvc2kvMS8yMkMxQ0YzMjc5OTU5RjM4RUQ1RjY4QTY/5MkEzQjU5M0RDRDg4QkFFQ0U4OUM2MDlGNTY5RkM3NDkwODJFNEZGLmpwZw.jpg",
      "https://imgproxy-retcat.assets.schwarz/Y5zHRQNeknCFLd-BE3TrDaAWR1711gF9GXXC5ugZG1A/sm:1/w:427/h:320/cz/M6Ly9wcm9kLWNhd/GFsb2ctbWVkaWEvc2kvMS9ERTZBMTk4MENDOEY5QjVDNDI1NDlBQTg/5MjcyRjY3QzA0NkQ4RDYwOEZEOTg1REQzOURFQkJDMDBDNTQyOTlCLmpwZw.jpg"
    ],
    "image_accessibility": "Grmičasta rastlina v loncu z rdečimi cvetovi.",
    "detailed_images": [
      {
        "url": "https://imgproxy-retcat.assets.schwarz/YKl3LnOT7A0z8IhXgDVFRa6oFWoZCpCjHcf7at0Gvh0/sm:1/w:427/h:320/cz/M6Ly9wcm9kLWNhd/GFsb2ctbWVkaWEvc2kvMS9FMERCNzUwNEU0NzVCQ0NEQzMzRTk3RjQ/2RTE5OThDQjgwMTdCQjk2NTEzODAzNURERDM3NDFDM0IxRUYxMUMxLmpwZw.jpg",
        "accessibility": "Grmičasta rastlina v loncu z rdečimi cvetovi."
      },
      {
        "url": "https://imgproxy-retcat.assets.schwarz/bnqVxFh3GN-OR73csRu_C-BSCGuqO2YfrKSaSrNvy7o/sm:1/w:427/h:320/cz/M6Ly9wcm9kLWNhd/GFsb2ctbWVkaWEvc2kvMS8yMkMxQ0YzMjc5OTU5RjM4RUQ1RjY4QTY/5MkEzQjU5M0RDRDg4QkFFQ0U4OUM2MDlGNTY5RkM3NDkwODJFNEZGLmpwZw.jpg",
        "accessibility": "Rožnati oleandri z zelenimi listi."
      },
      {
        "url": "https://imgproxy-retcat.assets.schwarz/Y5zHRQNeknCFLd-BE3TrDaAWR1711gF9GXXC5ugZG1A/sm:1/w:427/h:320/cz/M6Ly9wcm9kLWNhd/GFsb2ctbWVkaWEvc2kvMS9ERTZBMTk4MENDOEY5QjVDNDI1NDlBQTg/5MjcyRjY3QzA0NkQ4RDYwOEZEOTg1REQzOURFQkJDMDBDNTQyOTlCLmpwZw.jpg",
        "accessibility": "Rdeče cvetoče rastline v rjavem loncu."
      }
    ],
    "analytics_category": "Food",
    "more_details": "Dodatne podrobnosti o izdelku",
    "won_category_primary": "Svetovi potreb/Hrana in bližnja hrana/Cvetje & Rastline (Žive rastline in šopki)",
    "won_category_primary_path": "0/17/1732",
    "canonical_path": "/p/oleander/p10082395",
    "canonical_url": "/p/oleander/p10082395",
    "awards": [],
    "seals": [],
    "ribbons": [],
    "highlighted_seals": 0,
    "lidl_plus": [],
    "regions": [],
    "ians": [
      "62694"
    ],
    "show_brand": false,
    "deal_of_day_active": false,
    "full_title_meta": "Oleander",
    "lists": [
      4986
    ],
    "preview": false,
    "category_breadcrumbs": [
      {
        "id": "10068374",
        "name": "Hrana in pijača",
        "url": "/c/hrana-in-pijaca/s10068374",
        "hidden": false
      },
      {
        "id": "10071024",
        "name": "Rože in rastline",
        "url": "/h/roze-in-rastline/h10071024",
        "hidden": false
      }
    ],
    "campaigns": [
      {
        "id": "10025105",
        "name": "Cvetličarna",
        "url": "/c/cvetlicarna/a10025105",
        "hidden": false
      }
    ],
    "world_of_needs_code": "1732",
    "world_of_needs_name": "Cvetje & Rastline (Žive rastline in šopki)",
    "world_of_needs_parent": "17",
    "is_main_category": true,
    "super_categories": [
      {
        "code": "17",
        "name": "Hrana in bližnja hrana",
        "parent": "0"
      },
      {
        "code": "0",
        "name": "Svetovi potreb",
        "parent": ""
      }
    ],
    "position": 431,
    "tracking_payload": {
      "searchTrackingMasterId": "Product.10082395",
      "searchTrackingTitle": "Oleander",
      "searchTrackingPageSize": 100,
      "searchTrackingPage": 5,
      "searchTrackingEvent": "click",
      "list": "search",
      "searchTrackingId": "Product.10082395",
      "searchTrackingOrigPos": 1,
      "searchTrackingPos": 431,
      "searchTrackingOrigPageSize": 100,
      "searchTrackingChannel": "SI",
      "category": "Food"
    }
  },
  {
    "code": "10075353",
    "name": "Sveži svinjski flank steaki",
    "url": "",
    "result_class": "product",
    "type": "product",
    "product_id": 10075353,
    "erp_number": "10075353",
    "item_id": 10075353,
    "full_title": "ŽAR LEGENDE Sveži svinjski flank steaki",
    "title": "Sveži svinjski flank steaki",
    "category": "Food",
    "product_type": "RETAIL",
    "age_restriction": false,
    "is_used_product": false,
    "multipack": false,
    "online": false,
    "store": true,
    "quick_add_to_cart": false,
    "flash_sales": false,
    "having_videos": false,
    "having_threesixty": false,
    "price": 5.99,
    "old_price": 0.0,
    "currency_code": "EUR",
    "currency_symbol": "€",
    "has_star": true,
    "has_vat": false,
    "price_theme": "white_red",
    "variants_have_different_prices": false,
    "base_price_text": "1 kg = 7.49",
    "base_price_prefix": false,
    "packaging_text": "800 g",
    "discount_deleted_price": null,
    "discount_text": "ZGRABITE PRILOŽNOST!",
    "discount_percentage": null,
    "discount_has_star": false,
    "show_discount": false,
    "show_percentage": false,
    "from_recommended_price": false,
    "availability_indicator": 0,
    "online_available": false,
    "min_orderable_quantity": 1,
    "orderable_quantities": [],
    "badge_texts": [
      "V trgovini od 03.07. do 09.07."
    ],
    "badge_types": [
      "IN_STORE_PAST_DATE_RANGE"
    ],
    "main_image": "https://imgproxy-retcat.assets.schwarz/upGqI5Os5AVhkJTT9um75Q7D6N9YJbsiye-pZ1qNz84/sm:1/w:427/h:320/cz/M6Ly9wcm9kLWNhd/GFsb2ctbWVkaWEvc2kvMS83MkYyMzQwMjU5NjVFRjk5RTUzMDZFN0Y/4OUQ2MTQ5MUI3Qzg0NUIxMTQzNjJCQTI5ODg4M0E4NTQxODBGMTNELmpwZw.jpg",
    "image_list": [
      "https://imgproxy-retcat.assets.schwarz/upGqI5Os5AVhkJTT9um75Q7D6N9YJbsiye-pZ1qNz84/sm:1/w:427/h:320/cz/M6Ly9wcm9kLWNhd/GFsb2ctbWVkaWEvc2kvMS83MkYyMzQwMjU5NjVFRjk5RTUzMDZFN0Y/4OUQ2MTQ5MUI3Qzg0NUIxMTQzNjJCQTI5ODg4M0E4NTQxODBGMTNELmpwZw.jpg"
    ],
    "image_accessibility": "Pakiranje K-Salami žar klobasic, pripravljenih za peko.",
    "detailed_images": [
      {
        "url": "https://imgproxy-retcat.assets.schwarz/upGqI5Os5AVhkJTT9um75Q7D6N9YJbsiye-pZ1qNz84/sm:1/w:427/h:320/cz/M6Ly9wcm9kLWNhd/GFsb2ctbWVkaWEvc2kvMS83MkYyMzQwMjU5NjVFRjk5RTUzMDZFN0Y/4OUQ2MTQ5MUI3Qzg0NUIxMTQzNjJCQTI5ODg4M0E4NTQxODBGMTNELmpwZw.jpg",
        "accessibility": "Pakiranje K-Salami žar klobasic, pripravljenih za peko."
      }
    ],
    "analytics_category": "Food",
    "more_details": "Dodatne podrobnosti o izdelku",
    "won_category_primary": "Svetovi potreb/Hrana in bližnja hrana/Klobase in meso",
    "won_category_primary_path": "0/17/1717",
    "canonical_path": "/p/zar-legende-svezi-svinjski-flank-steaki/p10075353",
    "canonical_url": "/p/zar-legende-svezi-svinjski-flank-steaki/p10075353",
    "awards": [],
    "seals": [
      {
        "altText": "Slovenski izdelek",
        "image": "https://imgproxy-retcat.assets.schwarz/065GlWscfuyzRNlqdEjgEaZNE6893872XSglFaanlJA/sm:1/w:140/cz/M6Ly9wcm9kLWNhd/GFsb2ctbWVkaWEvc2kvMi83RTk4NkYyRDk1MTlDRUJBNzA1N0JGMzA/1QjA1NjUyRjVCMjMzNzZGRjY4MzVEREFGQzIwQzE5NDVFQUE5M0RCLnBuZw.png"
      }
    ],
    "ribbons": [],
    "highlighted_seals": 0,
    "lidl_plus": [],
    "regions": [],
    "ians": [
      "7302631"
    ],
    "show_brand": true,
    "deal_of_day_active": false,
    "full_title_meta": "ŽAR LEGENDE Sveži svinjski flank steaki",
    "lists": [
      4986
    ],
    "preview": false,
    "category_breadcrumbs": [
      {
        "id": "10068374",
        "name": "Hrana in pijača",
        "url": "/c/hrana-in-pijaca/s10068374",
        "hidden": false
      },
      {
        "id": "10071016",
        "name": "Meso in mesni izdelki",
        "url": "/h/meso-in-mesni-izdelki/h10071016",
        "hidden": false
      }
    ],
    "campaigns": [
      {
        "id": "Current_Sales_Week",
        "name": "Ta teden",
        "url": null,
        "hidden": false
      },
      {
        "id": "10074808",
        "name": "Tvoja Lidl cena",
        "url": "/c/tvoja-lidl-cena/a10074808",
        "hidden": false
      }
    ],
    "world_of_needs_code": "1717",
    "world_of_needs_name": "Klobase in meso",
    "world_of_needs_parent": "17",
    "is_main_category": true,
    "super_categories": [
      {
        "code": "17",
        "name": "Hrana in bližnja hrana",
        "parent": "0"
      },
      {
        "code": "0",
        "name": "Svetovi potreb",
        "parent": ""
      }
    ],
    "position": 432,
    "tracking_payload": {
      "searchTrackingMasterId": "Product.10075353",
      "searchTrackingTitle": "Sve%C5%BEi+svinjski+flank+steaki",
      "searchTrackingPageSize": 100,
      "searchTrackingPage": 5,
      "searchTrackingEvent": "click",
      "list": "search",
      "searchTrackingId": "Product.10075353",
      "searchTrackingOrigPos": 1,
      "searchTrackingPos": 432,
      "searchTrackingOrigPageSize": 100,
      "searchTrackingChannel": "SI",
      "category": "Food"
    }
  },
  {
    "code": "10072382",
    "name": "Energijski napitek",
    "url": "",
    "result_class": "product",
    "type": "product",
    "product_id": 10072382,
    "erp_number": "10072382",
    "item_id": 10072382,
    "full_title": "RED BULL Energijski napitek",
    "title": "Energijski napitek",
    "category": "Food",
    "product_type": "RETAIL",
    "age_restriction": false,
    "is_used_product": false,
    "multipack": false,
    "online": false,
    "store": true,
    "quick_add_to_cart": false,
    "flash_sales": false,
    "having_videos": false,
    "having_threesixty": false,
    "price": 4.95,
    "old_price": 0.0,
    "currency_code": "EUR",
    "currency_symbol": "€",
    "has_star": true,
    "has_vat": false,
    "price_theme": "white_red",
    "variants_have_different_prices": false,
    "base_price_text": null,
    "base_price_prefix": null,
    "packaging_text": "4 x 250 ml",
    "discount_deleted_price": null,
    "discount_text": "1 kos GRATIS!**",
    "discount_percentage": null,
    "discount_has_star": false,
    "show_discount": false,
    "show_percentage": false,
    "from_recommended_price": false,
    "availability_indicator": 0,
    "online_available": false,
    "min_orderable_quantity": 1,
    "orderable_quantities": [],
    "badge_texts": [
      "V trgovini od 03.07. do 09.07."
    ],
    "badge_types": [
      "IN_STORE_PAST_DATE_RANGE"
    ],
    "main_image": "https://imgproxy-retcat.assets.schwarz/N4QR225F-qKgNM7EeN2TGbniOlG58sOc5rood6C-Hso/sm:1/w:427/h:320/cz/M6Ly9wcm9kLWNhd/GFsb2ctbWVkaWEvc2kvMS82RENGNEIwNUE1MUVDM0Q5MTg0QkJEODF/EMUIxNTZCRjlCQzRGRDAzQjhEODc0QTYwQzI3NzY2NkRCOTlFNjA3LmpwZw.jpg",
    "image_list": [
      "https://imgproxy-retcat.assets.schwarz/N4QR225F-qKgNM7EeN2TGbniOlG58sOc5rood6C-Hso/sm:1/w:427/h:320/cz/M6Ly9wcm9kLWNhd/GFsb2ctbWVkaWEvc2kvMS82RENGNEIwNUE1MUVDM0Q5MTg0QkJEODF/EMUIxNTZCRjlCQzRGRDAzQjhEODc0QTYwQzI3NzY2NkRCOTlFNjA3LmpwZw.jpg"
    ],
    "image_accessibility": "Štiri pločevinke Red Bull-a.",
    "detailed_images": [
      {
        "url": "https://imgproxy-retcat.assets.schwarz/N4QR225F-qKgNM7EeN2TGbniOlG58sOc5rood6C-Hso/sm:1/w:427/h:320/cz/M6Ly9wcm9kLWNhd/GFsb2ctbWVkaWEvc2kvMS82RENGNEIwNUE1MUVDM0Q5MTg0QkJEODF/EMUIxNTZCRjlCQzRGRDAzQjhEODc0QTYwQzI3NzY2NkRCOTlFNjA3LmpwZw.jpg",
        "accessibility": "Štiri pločevinke Red Bull-a."
      }
    ],
    "analytics_category": "Food",
    "more_details": "Dodatne podrobnosti o izdelku",
    "won_category_primary": "Svetovi potreb/Hrana in bližnja hrana/Pijače",
    "won_category_primary_path": "0/17/1720",
    "canonical_path": "/p/red-bull-energijski-napitek/p10072382",
    "canonical_url": "/p/red-bull-energijski-napitek/p10072382",
    "awards": [],
    "seals": [],
    "ribbons": [],
    "highlighted_seals": 0,
    "lidl_plus": [],
    "regions": [],
    "ians": [
      "8678"
    ],
    "show_brand": true,
    "deal_of_day_active": false,
    "full_title_meta": "RED BULL Energijski napitek",
    "lists": [
      4986
    ],
    "preview": false,
    "category_breadcrumbs": [
      {
        "id": "10068374",
        "name": "Hrana in pijača",
        "url": "/c/hrana-in-pijaca/s10068374",
        "hidden": false
      },
      {
        "id": "10071022",
        "name": "Pijače",
        "url": "/h/pijace/h10071022",
        "hidden": false
      }
    ],
    "campaigns": [
      {
        "id": "Current_Sales_Week",
        "name": "Ta teden",
        "url": null,
        "hidden": false
      },
      {
        "id": "10074808",
        "name": "Tvoja Lidl cena",
        "url": "/c/tvoja-lidl-cena/a10074808",
        "hidden": false
      }
    ],
    "world_of_needs_code": "1720",
    "world_of_needs_name": "Pijače",
    "world_of_needs_parent": "17",
    "is_main_category": true,
    "super_categories": [
      {
        "code": "17",
        "name": "Hrana in bližnja hrana",
        "parent": "0"
      },
      {
        "code": "0",
        "name": "Svetovi potreb",
        "parent": ""
      }
    ],
    "position": 433,
    "tracking_payload": {
      "searchTrackingMasterId": "Product.10072382",
      "searchTrackingTitle": "Energijski+napitek",
      "searchTrackingPageSize": 100,
      "searchTrackingPage": 5,
      "searchTrackingEvent": "click",
      "list": "search",
      "searchTrackingId": "Product.10072382",
      "searchTrackingOrigPos": 1,
      "searchTrackingPos": 433,
      "searchTrackingOrigPageSize": 100,
      "searchTrackingChannel": "SI",
      "category": "Food"
    }
  },
  {
    "code": "10073384",
    "name": "Jagodni nektar",
    "url": "",
    "result_class": "product",
    "type": "product",
    "product_id": 10073384,
    "erp_number": "10073384",
    "item_id": 10073384,
    "full_title": "DANA Jagodni nektar",
    "title": "Jagodni nektar",
    "category": "Food",
    "product_type": "RETAIL",
    "age_restriction": false,
    "is_used_product": false,
    "multipack": false,
    "online": false,
    "store": true,
    "quick_add_to_cart": false,
    "flash_sales": false,
    "having_videos": false,
    "having_threesixty": false,
    "price": 1.69,
    "old_price": 0.0,
    "currency_code": "EUR",
    "currency_symbol": "€",
    "has_star": true,
    "has_vat": false,
    "price_theme": "white_red",
    "variants_have_different_prices": false,
    "base_price_text": null,
    "base_price_prefix": null,
    "packaging_text": "1 l",
    "discount_deleted_price": null,
    "discount_text": "ZGRABITE PRILOŽNOST!",
    "discount_percentage": null,
    "discount_has_star": false,
    "show_discount": false,
    "show_percentage": false,
    "from_recommended_price": false,
    "availability_indicator": 0,
    "online_available": false,
    "min_orderable_quantity": 1,
    "orderable_quantities": [],
    "badge_texts": [
      "V trgovini od 03.07. do 09.07."
    ],
    "badge_types": [
      "IN_STORE_PAST_DATE_RANGE"
    ],
    "main_image": "https://imgproxy-retcat.assets.schwarz/12sRgOern-z1Gap5otll_j4crc0U5nQppS3oprv011I/sm:1/w:427/h:320/cz/M6Ly9wcm9kLWNhd/GFsb2ctbWVkaWEvc2kvMS85RUEzOERDMzBGMkZENzMzMUMzQTlDNjh/ERENGNTMxNUM0NDg0QzFDNEI5Njc3NDFBQjUxOUI5N0JCQzJCRUIzLmpwZw.jpg",
    "image_list": [
      "https://imgproxy-retcat.assets.schwarz/12sRgOern-z1Gap5otll_j4crc0U5nQppS3oprv011I/sm:1/w:427/h:320/cz/M6Ly9wcm9kLWNhd/GFsb2ctbWVkaWEvc2kvMS85RUEzOERDMzBGMkZENzMzMUMzQTlDNjh/ERENGNTMxNUM0NDg0QzFDNEI5Njc3NDFBQjUxOUI5N0JCQzJCRUIzLmpwZw.jpg"
    ],
    "image_accessibility": "Sok Dana iz jagod v kartonski embalaži.",
    "detailed_images": [
      {
        "url": "https://imgproxy-retcat.assets.schwarz/12sRgOern-z1Gap5otll_j4crc0U5nQppS3oprv011I/sm:1/w:427/h:320/cz/M6Ly9wcm9kLWNhd/GFsb2ctbWVkaWEvc2kvMS85RUEzOERDMzBGMkZENzMzMUMzQTlDNjh/ERENGNTMxNUM0NDg0QzFDNEI5Njc3NDFBQjUxOUI5N0JCQzJCRUIzLmpwZw.jpg",
        "accessibility": "Sok Dana iz jagod v kartonski embalaži."
      }
    ],
    "analytics_category": "Food",
    "more_details": "Dodatne podrobnosti o izdelku",
    "won_category_primary": "Svetovi potreb/Hrana in bližnja hrana/Pijače",
    "won_category_primary_path": "0/17/1720",
    "canonical_path": "/p/dana-jagodni-nektar/p10073384",
    "canonical_url": "/p/dana-jagodni-nektar/p10073384",
    "awards": [],
    "seals": [
      {
        "altText": "Slovenski izdelek",
        "image": "https://imgproxy-retcat.assets.schwarz/065GlWscfuyzRNlqdEjgEaZNE6893872XSglFaanlJA/sm:1/w:140/cz/M6Ly9wcm9kLWNhd/GFsb2ctbWVkaWEvc2kvMi83RTk4NkYyRDk1MTlDRUJBNzA1N0JGMzA/1QjA1NjUyRjVCMjMzNzZGRjY4MzVEREFGQzIwQzE5NDVFQUE5M0RCLnBuZw.png"
      }
    ],
    "ribbons": [],
    "highlighted_seals": 0,
    "lidl_plus": [],
    "regions": [],
    "ians": [
      "2366"
    ],
    "show_brand": true,
    "deal_of_day_active": false,
    "full_title_meta": "DANA Jagodni nektar",
    "lists": [
      4986
    ],
    "preview": false,
    "category_breadcrumbs": [
      {
        "id": "10068374",
        "name": "Hrana in pijača",
        "url": "/c/hrana-in-pijaca/s10068374",
        "hidden": false
      },
      {
        "id": "10071022",
        "name": "Pijače",
        "url": "/h/pijace/h10071022",
        "hidden": false
      }
    ],
    "campaigns": [
      {
        "id": "Current_Sales_Week",
        "name": "Ta teden",
        "url": null,
        "hidden": false
      },
      {
        "id": "10074808",
        "name": "Tvoja Lidl cena",
        "url": "/c/tvoja-lidl-cena/a10074808",
        "hidden": false
      }
    ],
    "world_of_needs_code": "1720",
    "world_of_needs_name": "Pijače",
    "world_of_needs_parent": "17",
    "is_main_category": true,
    "super_categories": [
      {
        "code": "17",
        "name": "Hrana in bližnja hrana",
        "parent": "0"
      },
      {
        "code": "0",
        "name": "Svetovi potreb",
        "parent": ""
      }
    ],
    "position": 434,
    "tracking_payload": {
      "searchTrackingMasterId": "Product.10073384",
      "searchTrackingTitle": "Jagodni+nektar",
      "searchTrackingPageSize": 100,
      "searchTrackingPage": 5,
      "searchTrackingEvent": "click",
      "list": "search",
      "searchTrackingId": "Product.10073384",
      "searchTrackingOrigPos": 1,
      "searchTrackingPos": 434,
      "searchTrackingOrigPageSize": 100,
      "searchTrackingChannel": "SI",
      "category": "Food"
    }
  },
  {
    "code": "10078380",
    "name": "Poetovio piščančji narezek",
    "url": "",
    "result_class": "product",
    "type": "product",
    "product_id": 10078380,
    "erp_number": "10078380",
    "item_id": 10078380,
    "full_title": "SLIM & FIT Poetovio piščančji narezek",
    "title": "Poetovio piščančji narezek",
    "category": "Food",
    "product_type": "RETAIL",
    "age_restriction": false,
    "is_used_product": false,
    "multipack": false,
    "online": false,
    "store": true,
    "quick_add_to_cart": false,
    "flash_sales": false,
    "having_videos": false,
    "having_threesixty": false,
    "price": 2.78,
    "old_price": 0.0,
    "currency_code": "EUR",
    "currency_symbol": "€",
    "has_star": true,
    "has_vat": false,
    "price_theme": "white_red",
    "variants_have_different_prices": false,
    "base_price_text": "1 kg = 11.12",
    "base_price_prefix": false,
    "packaging_text": "250 g",
    "discount_deleted_price": null,
    "discount_text": "50 g GRATIS!**",
    "discount_percentage": null,
    "discount_has_star": false,
    "show_discount": false,
    "show_percentage": false,
    "from_recommended_price": false,
    "availability_indicator": 0,
    "online_available": false,
    "min_orderable_quantity": 1,
    "orderable_quantities": [],
    "badge_texts": [
      "V trgovini od 03.07. do 09.07."
    ],
    "badge_types": [
      "IN_STORE_PAST_DATE_RANGE"
    ],
    "main_image": "https://imgproxy-retcat.assets.schwarz/TK97U0IOFg_0UILTlE4E4jBlVdaEcOiFyXCmO6j76GI/sm:1/w:427/h:320/cz/M6Ly9wcm9kLWNhd/GFsb2ctbWVkaWEvc2kvMS8wREZFQzRGNjcyRDg2REM2REIxODFDMEE/yM0M0Mjg2QkQzOEIxNTAyNkYwN0VBQ0QwN0E5MDdEODUzQzg2MkY3LmpwZw.jpg",
    "image_list": [
      "https://imgproxy-retcat.assets.schwarz/TK97U0IOFg_0UILTlE4E4jBlVdaEcOiFyXCmO6j76GI/sm:1/w:427/h:320/cz/M6Ly9wcm9kLWNhd/GFsb2ctbWVkaWEvc2kvMS8wREZFQzRGNjcyRDg2REM2REIxODFDMEE/yM0M0Mjg2QkQzOEIxNTAyNkYwN0VBQ0QwN0E5MDdEODUzQzg2MkY3LmpwZw.jpg"
    ],
    "image_accessibility": "Paket narezka perutnine Svit in Fajt.",
    "detailed_images": [
      {
        "url": "https://imgproxy-retcat.assets.schwarz/TK97U0IOFg_0UILTlE4E4jBlVdaEcOiFyXCmO6j76GI/sm:1/w:427/h:320/cz/M6Ly9wcm9kLWNhd/GFsb2ctbWVkaWEvc2kvMS8wREZFQzRGNjcyRDg2REM2REIxODFDMEE/yM0M0Mjg2QkQzOEIxNTAyNkYwN0VBQ0QwN0E5MDdEODUzQzg2MkY3LmpwZw.jpg",
        "accessibility": "Paket narezka perutnine Svit in Fajt."
      }
    ],
    "analytics_category": "Food",
    "more_details": "Dodatne podrobnosti o izdelku",
    "won_category_primary": "Svetovi potreb/Hrana in bližnja hrana/Klobase in meso",
    "won_category_primary_path": "0/17/1717",
    "canonical_path": "/p/slim-fit-poetovio-piscancji-narezek/p10078380",
    "canonical_url": "/p/slim-fit-poetovio-piscancji-narezek/p10078380",
    "awards": [],
    "seals": [
      {
        "altText": "Slovenski izdelek",
        "image": "https://imgproxy-retcat.assets.schwarz/065GlWscfuyzRNlqdEjgEaZNE6893872XSglFaanlJA/sm:1/w:140/cz/M6Ly9wcm9kLWNhd/GFsb2ctbWVkaWEvc2kvMi83RTk4NkYyRDk1MTlDRUJBNzA1N0JGMzA/1QjA1NjUyRjVCMjMzNzZGRjY4MzVEREFGQzIwQzE5NDVFQUE5M0RCLnBuZw.png"
      },
      {
        "altText": "Nalepka: Hlajeno",
        "image": "https://imgproxy-retcat.assets.schwarz/7x3Iby7aD19hFySDnP2YoXt7E1r0JrvJVj0QO1gUOes/sm:1/w:140/cz/M6Ly9wcm9kLWNhd/GFsb2ctbWVkaWEvc2kvMi8xMzFBN0E2RDlCREZGREQxOEE2OTFDNEZ/FNDE5RTM0QUMxQjY4OEQ0OUY2QTAxMTRDRjQ1RjdCNTNDRjM2NUJBLnBuZw.png"
      }
    ],
    "ribbons": [],
    "highlighted_seals": 0,
    "lidl_plus": [],
    "regions": [],
    "ians": [
      "7303599"
    ],
    "show_brand": true,
    "deal_of_day_active": false,
    "full_title_meta": "SLIM & FIT Poetovio piščančji narezek",
    "lists": [
      4986
    ],
    "preview": false,
    "category_breadcrumbs": [
      {
        "id": "10068374",
        "name": "Hrana in pijača",
        "url": "/c/hrana-in-pijaca/s10068374",
        "hidden": false
      },
      {
        "id": "10071016",
        "name": "Meso in mesni izdelki",
        "url": "/h/meso-in-mesni-izdelki/h10071016",
        "hidden": false
      }
    ],
    "campaigns": [
      {
        "id": "Current_Sales_Week",
        "name": "Ta teden",
        "url": null,
        "hidden": false
      },
      {
        "id": "10074808",
        "name": "Tvoja Lidl cena",
        "url": "/c/tvoja-lidl-cena/a10074808",
        "hidden": false
      }
    ],
    "world_of_needs_code": "1717",
    "world_of_needs_name": "Klobase in meso",
    "world_of_needs_parent": "17",
    "is_main_category": true,
    "super_categories": [
      {
        "code": "17",
        "name": "Hrana in bližnja hrana",
        "parent": "0"
      },
      {
        "code": "0",
        "name": "Svetovi potreb",
        "parent": ""
      }
    ],
    "position": 435,
    "tracking_payload": {
      "searchTrackingMasterId": "Product.10078380",
      "searchTrackingTitle": "Poetovio+pi%C5%A1%C4%8Dan%C4%8Dji+narezek",
      "searchTrackingPageSize": 100,
      "searchTrackingPage": 5,
      "searchTrackingEvent": "click",
      "list": "search",
      "searchTrackingId": "Product.10078380",
      "searchTrackingOrigPos": 1,
      "searchTrackingPos": 435,
      "searchTrackingOrigPageSize": 100,
      "searchTrackingChannel": "SI",
      "category": "Food"
    }
  },
  {
    "code": "10079157",
    "name": "Slovenska moka, 10 kg",
    "url": "",
    "result_class": "product",
    "type": "product",
    "product_id": 10079157,
    "erp_number": "10079157",
    "item_id": 10079157,
    "full_title": "NAŠE NAM PAŠE Slovenska moka, 10 kg",
    "title": "Slovenska moka, 10 kg",
    "category": "Food",
    "product_type": "RETAIL",
    "age_restriction": false,
    "is_used_product": false,
    "multipack": false,
    "online": false,
    "store": true,
    "quick_add_to_cart": false,
    "flash_sales": false,
    "having_videos": false,
    "having_threesixty": false,
    "price": 4.55,
    "old_price": 0.0,
    "currency_code": "EUR",
    "currency_symbol": "€",
    "has_star": true,
    "has_vat": false,
    "price_theme": "white_red",
    "variants_have_different_prices": false,
    "base_price_text": "1 kg = 0.46",
    "base_price_prefix": false,
    "packaging_text": "10 x 1 kg",
    "discount_deleted_price": null,
    "discount_text": "3 KG GRATIS!**",
    "discount_percentage": null,
    "discount_has_star": false,
    "show_discount": false,
    "show_percentage": false,
    "from_recommended_price": false,
    "availability_indicator": 0,
    "online_available": false,
    "min_orderable_quantity": 1,
    "orderable_quantities": [],
    "badge_texts": [
      "V trgovini od 03.07. do 09.07."
    ],
    "badge_types": [
      "IN_STORE_PAST_DATE_RANGE"
    ],
    "main_image": "https://imgproxy-retcat.assets.schwarz/_i8XlbCxrCAJFTIxIK3WSIrYNQqpXu5gCep_NGtwiuk/sm:1/w:427/h:320/cz/M6Ly9wcm9kLWNhd/GFsb2ctbWVkaWEvc2kvMS85NzZCQTFDRjNDQTYyMTMyMkFEOEU2QTg/yQzY2MEU4RDg1MTQ0Q0MzMEIyM0Q0MDVEQ0VCNDdFRkJDRTlERkM5LmpwZw.jpg",
    "image_list": [
      "https://imgproxy-retcat.assets.schwarz/_i8XlbCxrCAJFTIxIK3WSIrYNQqpXu5gCep_NGtwiuk/sm:1/w:427/h:320/cz/M6Ly9wcm9kLWNhd/GFsb2ctbWVkaWEvc2kvMS85NzZCQTFDRjNDQTYyMTMyMkFEOEU2QTg/yQzY2MEU4RDg1MTQ0Q0MzMEIyM0Q0MDVEQ0VCNDdFRkJDRTlERkM5LmpwZw.jpg"
    ],
    "image_accessibility": "Deset paketov moke Molino.",
    "detailed_images": [
      {
        "url": "https://imgproxy-retcat.assets.schwarz/_i8XlbCxrCAJFTIxIK3WSIrYNQqpXu5gCep_NGtwiuk/sm:1/w:427/h:320/cz/M6Ly9wcm9kLWNhd/GFsb2ctbWVkaWEvc2kvMS85NzZCQTFDRjNDQTYyMTMyMkFEOEU2QTg/yQzY2MEU4RDg1MTQ0Q0MzMEIyM0Q0MDVEQ0VCNDdFRkJDRTlERkM5LmpwZw.jpg",
        "accessibility": "Deset paketov moke Molino."
      }
    ],
    "analytics_category": "Food",
    "more_details": "Dodatne podrobnosti o izdelku",
    "won_category_primary": "Svetovi potreb/Hrana in bližnja hrana/Jajca in osnovna živila (testenine, moka, stročnice itd.)",
    "won_category_primary_path": "0/17/1715",
    "canonical_path": "/p/nase-nam-pase-slovenska-moka-10-kg/p10079157",
    "canonical_url": "/p/nase-nam-pase-slovenska-moka-10-kg/p10079157",
    "awards": [],
    "seals": [
      {
        "altText": "Slovenski izdelek",
        "image": "https://imgproxy-retcat.assets.schwarz/065GlWscfuyzRNlqdEjgEaZNE6893872XSglFaanlJA/sm:1/w:140/cz/M6Ly9wcm9kLWNhd/GFsb2ctbWVkaWEvc2kvMi83RTk4NkYyRDk1MTlDRUJBNzA1N0JGMzA/1QjA1NjUyRjVCMjMzNzZGRjY4MzVEREFGQzIwQzE5NDVFQUE5M0RCLnBuZw.png"
      }
    ],
    "ribbons": [],
    "highlighted_seals": 0,
    "lidl_plus": [],
    "regions": [],
    "ians": [
      "7307236"
    ],
    "show_brand": true,
    "deal_of_day_active": false,
    "full_title_meta": "NAŠE NAM PAŠE Slovenska moka, 10 kg",
    "lists": [
      4986
    ],
    "preview": false,
    "category_breadcrumbs": [
      {
        "id": "10068374",
        "name": "Hrana in pijača",
        "url": "/c/hrana-in-pijaca/s10068374",
        "hidden": false
      },
      {
        "id": "10071045",
        "name": "Jajca in osnovna živila",
        "url": "/h/jajca-in-osnovna-zivila/h10071045",
        "hidden": false
      }
    ],
    "campaigns": [
      {
        "id": "Current_Sales_Week",
        "name": "Ta teden",
        "url": null,
        "hidden": false
      },
      {
        "id": "10074808",
        "name": "Tvoja Lidl cena",
        "url": "/c/tvoja-lidl-cena/a10074808",
        "hidden": false
      }
    ],
    "world_of_needs_code": "1715",
    "world_of_needs_name": "Jajca in osnovna živila (testenine, moka, stročnice itd.)",
    "world_of_needs_parent": "17",
    "is_main_category": true,
    "super_categories": [
      {
        "code": "17",
        "name": "Hrana in bližnja hrana",
        "parent": "0"
      },
      {
        "code": "0",
        "name": "Svetovi potreb",
        "parent": ""
      }
    ],
    "position": 436,
    "tracking_payload": {
      "searchTrackingMasterId": "Product.10079157",
      "searchTrackingTitle": "Slovenska+moka%2C+10+kg",
      "searchTrackingPageSize": 100,
      "searchTrackingPage": 5,
      "searchTrackingEvent": "click",
      "list": "search",
      "searchTrackingId": "Product.10079157",
      "searchTrackingOrigPos": 1,
      "searchTrackingPos": 436,
      "searchTrackingOrigPageSize": 100,
      "searchTrackingChannel": "SI",
      "category": "Food"
    }
  },
  {
    "code": "10074694",
    "name": "Actimel Kids",
    "url": "",
    "result_class": "product",
    "type": "product",
    "product_id": 10074694,
    "erp_number": "10074694",
    "item_id": 10074694,
    "full_title": "DANONE Actimel Kids",
    "title": "Actimel Kids",
    "category": "Food",
    "product_type": "RETAIL",
    "age_restriction": false,
    "is_used_product": false,
    "multipack": false,
    "online": false,
    "store": true,
    "quick_add_to_cart": false,
    "flash_sales": false,
    "having_videos": false,
    "having_threesixty": false,
    "price": 3.29,
    "old_price": 0.0,
    "currency_code": "EUR",
    "currency_symbol": "€",
    "has_star": true,
    "has_vat": false,
    "price_theme": "white_red",
    "variants_have_different_prices": false,
    "base_price_text": null,
    "base_price_prefix": null,
    "packaging_text": "10 x 100 g",
    "discount_deleted_price": null,
    "discount_text": "ZGRABITE PRILOŽNOST!",
    "discount_percentage": null,
    "discount_has_star": false,
    "show_discount": false,
    "show_percentage": false,
    "from_recommended_price": false,
    "availability_indicator": 0,
    "online_available": false,
    "min_orderable_quantity": 1,
    "orderable_quantities": [],
    "badge_texts": [
      "V trgovini od 03.07. do 09.07."
    ],
    "badge_types": [
      "IN_STORE_PAST_DATE_RANGE"
    ],
    "main_image": "https://imgproxy-retcat.assets.schwarz/9UWCX8CVx4L08DqIlrxoyuZun_NwXsU7MnCHEVgsd6I/sm:1/w:427/h:320/cz/M6Ly9wcm9kLWNhd/GFsb2ctbWVkaWEvc2kvMS9FM0EyN0MwMEQ5RUMxMkE0NDkyMTIxNEU/wRDI1MkUzMzRCQ0VBNUZEQ0IwMzBCNTlDRTI2RjU3QTk4ODBFMzMwLmpwZw.jpg",
    "image_list": [
      "https://imgproxy-retcat.assets.schwarz/9UWCX8CVx4L08DqIlrxoyuZun_NwXsU7MnCHEVgsd6I/sm:1/w:427/h:320/cz/M6Ly9wcm9kLWNhd/GFsb2ctbWVkaWEvc2kvMS9FM0EyN0MwMEQ5RUMxMkE0NDkyMTIxNEU/wRDI1MkUzMzRCQ0VBNUZEQ0IwMzBCNTlDRTI2RjU3QTk4ODBFMzMwLmpwZw.jpg"
    ],
    "image_accessibility": "Actimel jogurti z liki Sonic the Hedgehog.",
    "detailed_images": [
      {
        "url": "https://imgproxy-retcat.assets.schwarz/9UWCX8CVx4L08DqIlrxoyuZun_NwXsU7MnCHEVgsd6I/sm:1/w:427/h:320/cz/M6Ly9wcm9kLWNhd/GFsb2ctbWVkaWEvc2kvMS9FM0EyN0MwMEQ5RUMxMkE0NDkyMTIxNEU/wRDI1MkUzMzRCQ0VBNUZEQ0IwMzBCNTlDRTI2RjU3QTk4ODBFMzMwLmpwZw.jpg",
        "accessibility": "Actimel jogurti z liki Sonic the Hedgehog."
      }
    ],
    "analytics_category": "Food",
    "more_details": "Dodatne podrobnosti o izdelku",
    "won_category_primary": "Svetovi potreb/Hrana in bližnja hrana/Sir in mlečni izdelki (vključno z maslom in sirom)",
    "won_category_primary_path": "0/17/1718",
    "canonical_path": "/p/danone-actimel-kids/p10074694",
    "canonical_url": "/p/danone-actimel-kids/p10074694",
    "awards": [],
    "seals": [
      {
        "altText": "Nalepka: Hlajeno",
        "image": "https://imgproxy-retcat.assets.schwarz/7x3Iby7aD19hFySDnP2YoXt7E1r0JrvJVj0QO1gUOes/sm:1/w:140/cz/M6Ly9wcm9kLWNhd/GFsb2ctbWVkaWEvc2kvMi8xMzFBN0E2RDlCREZGREQxOEE2OTFDNEZ/FNDE5RTM0QUMxQjY4OEQ0OUY2QTAxMTRDRjQ1RjdCNTNDRjM2NUJBLnBuZw.png"
      }
    ],
    "ribbons": [],
    "highlighted_seals": 0,
    "lidl_plus": [],
    "regions": [],
    "ians": [
      "9041"
    ],
    "show_brand": true,
    "deal_of_day_active": false,
    "full_title_meta": "DANONE Actimel Kids",
    "lists": [
      4986
    ],
    "preview": false,
    "category_breadcrumbs": [
      {
        "id": "10068374",
        "name": "Hrana in pijača",
        "url": "/c/hrana-in-pijaca/s10068374",
        "hidden": false
      },
      {
        "id": "10071017",
        "name": " Sir &  Mlečni izdelki",
        "url": "/h/sir-mlecni-izdelki/h10071017",
        "hidden": false
      }
    ],
    "campaigns": [
      {
        "id": "Current_Sales_Week",
        "name": "Ta teden",
        "url": null,
        "hidden": false
      },
      {
        "id": "10074808",
        "name": "Tvoja Lidl cena",
        "url": "/c/tvoja-lidl-cena/a10074808",
        "hidden": false
      }
    ],
    "world_of_needs_code": "1718",
    "world_of_needs_name": "Sir in mlečni izdelki (vključno z maslom in sirom)",
    "world_of_needs_parent": "17",
    "is_main_category": true,
    "super_categories": [
      {
        "code": "17",
        "name": "Hrana in bližnja hrana",
        "parent": "0"
      },
      {
        "code": "0",
        "name": "Svetovi potreb",
        "parent": ""
      }
    ],
    "position": 437,
    "tracking_payload": {
      "searchTrackingMasterId": "Product.10074694",
      "searchTrackingTitle": "Actimel+Kids",
      "searchTrackingPageSize": 100,
      "searchTrackingPage": 5,
      "searchTrackingEvent": "click",
      "list": "search",
      "searchTrackingId": "Product.10074694",
      "searchTrackingOrigPos": 1,
      "searchTrackingPos": 437,
      "searchTrackingOrigPageSize": 100,
      "searchTrackingChannel": "SI",
      "category": "Food"
    }
  },
  {
    "code": "10079173",
    "name": "Toaletni papir „I Love Art“",
    "url": "",
    "result_class": "product",
    "type": "product",
    "product_id": 10079173,
    "erp_number": "10079173",
    "item_id": 10079173,
    "full_title": "PALOMA Toaletni papir „I Love Art“",
    "title": "Toaletni papir „I Love Art“",
    "category": "Food",
    "product_type": "RETAIL",
    "age_restriction": false,
    "is_used_product": false,
    "multipack": false,
    "online": false,
    "store": true,
    "quick_add_to_cart": false,
    "flash_sales": false,
    "having_videos": false,
    "having_threesixty": false,
    "price": 3.99,
    "old_price": 0.0,
    "currency_code": "EUR",
    "currency_symbol": "€",
    "has_star": true,
    "has_vat": false,
    "price_theme": "white_red",
    "variants_have_different_prices": false,
    "base_price_text": "1 kos = 0.20",
    "base_price_prefix": false,
    "packaging_text": "20 x 150 listov",
    "discount_deleted_price": null,
    "discount_text": "20 KOSOV",
    "discount_percentage": null,
    "discount_has_star": false,
    "show_discount": false,
    "show_percentage": false,
    "from_recommended_price": false,
    "availability_indicator": 0,
    "online_available": false,
    "min_orderable_quantity": 1,
    "orderable_quantities": [],
    "badge_texts": [
      "V trgovini od 03.07. do 09.07."
    ],
    "badge_types": [
      "IN_STORE_PAST_DATE_RANGE"
    ],
    "main_image": "https://imgproxy-retcat.assets.schwarz/iOqyMeUYxNbNw6KjfMNg5LbwJ6J6ClDBsa9QTakDEiY/sm:1/w:427/h:320/cz/M6Ly9wcm9kLWNhd/GFsb2ctbWVkaWEvc2kvMS80RjNBQTYzMjM2RDg0ODhGRkY1NzA5NTI/4REI0RkI3QjdCOTAwOTQ1ODQzQkRGQzQxOUM3RkVBRkJCQUE0QjA4LmpwZw.jpg",
    "image_list": [
      "https://imgproxy-retcat.assets.schwarz/iOqyMeUYxNbNw6KjfMNg5LbwJ6J6ClDBsa9QTakDEiY/sm:1/w:427/h:320/cz/M6Ly9wcm9kLWNhd/GFsb2ctbWVkaWEvc2kvMS80RjNBQTYzMjM2RDg0ODhGRkY1NzA5NTI/4REI0RkI3QjdCOTAwOTQ1ODQzQkRGQzQxOUM3RkVBRkJCQUE0QjA4LmpwZw.jpg"
    ],
    "image_accessibility": "Paket Paloma papirnatih robčkov z otroškim dizajnom.",
    "detailed_images": [
      {
        "url": "https://imgproxy-retcat.assets.schwarz/iOqyMeUYxNbNw6KjfMNg5LbwJ6J6ClDBsa9QTakDEiY/sm:1/w:427/h:320/cz/M6Ly9wcm9kLWNhd/GFsb2ctbWVkaWEvc2kvMS80RjNBQTYzMjM2RDg0ODhGRkY1NzA5NTI/4REI0RkI3QjdCOTAwOTQ1ODQzQkRGQzQxOUM3RkVBRkJCQUE0QjA4LmpwZw.jpg",
        "accessibility": "Paket Paloma papirnatih robčkov z otroškim dizajnom."
      }
    ],
    "analytics_category": "Food",
    "more_details": "Dodatne podrobnosti o izdelku",
    "won_category_primary": "Svetovi potreb/Hrana in bližnja hrana/Drogerija - higiena, otroška hrana, kozmetika, čistila",
    "won_category_primary_path": "0/17/1723",
    "canonical_path": "/p/paloma-toaletni-papir-i-love-art/p10079173",
    "canonical_url": "/p/paloma-toaletni-papir-i-love-art/p10079173",
    "awards": [],
    "seals": [
      {
        "altText": "Slovenski izdelek",
        "image": "https://imgproxy-retcat.assets.schwarz/065GlWscfuyzRNlqdEjgEaZNE6893872XSglFaanlJA/sm:1/w:140/cz/M6Ly9wcm9kLWNhd/GFsb2ctbWVkaWEvc2kvMi83RTk4NkYyRDk1MTlDRUJBNzA1N0JGMzA/1QjA1NjUyRjVCMjMzNzZGRjY4MzVEREFGQzIwQzE5NDVFQUE5M0RCLnBuZw.png"
      }
    ],
    "ribbons": [],
    "highlighted_seals": 0,
    "lidl_plus": [],
    "regions": [],
    "ians": [
      "7308607"
    ],
    "show_brand": true,
    "deal_of_day_active": false,
    "full_title_meta": "PALOMA Toaletni papir „I Love Art“",
    "lists": [
      4986
    ],
    "preview": false,
    "category_breadcrumbs": [
      {
        "id": "10068374",
        "name": "Hrana in pijača",
        "url": "/c/hrana-in-pijaca/s10068374",
        "hidden": false
      },
      {
        "id": "10071019",
        "name": "Osebna nega",
        "url": "/h/osebna-nega/h10071019",
        "hidden": false
      }
    ],
    "campaigns": [
      {
        "id": "Current_Sales_Week",
        "name": "Ta teden",
        "url": null,
        "hidden": false
      },
      {
        "id": "10074808",
        "name": "Tvoja Lidl cena",
        "url": "/c/tvoja-lidl-cena/a10074808",
        "hidden": false
      }
    ],
    "world_of_needs_code": "1723",
    "world_of_needs_name": "Drogerija - higiena, otroška hrana, kozmetika, čistila",
    "world_of_needs_parent": "17",
    "is_main_category": true,
    "super_categories": [
      {
        "code": "17",
        "name": "Hrana in bližnja hrana",
        "parent": "0"
      },
      {
        "code": "0",
        "name": "Svetovi potreb",
        "parent": ""
      }
    ],
    "position": 438,
    "tracking_payload": {
      "searchTrackingMasterId": "Product.10079173",
      "searchTrackingTitle": "Toaletni+papir+%E2%80%9EI+Love+Art%E2%80%9C",
      "searchTrackingPageSize": 100,
      "searchTrackingPage": 5,
      "searchTrackingEvent": "click",
      "list": "search",
      "searchTrackingId": "Product.10079173",
      "searchTrackingOrigPos": 1,
      "searchTrackingPos": 438,
      "searchTrackingOrigPageSize": 100,
      "searchTrackingChannel": "SI",
      "category": "Food"
    }
  },
  {
    "code": "10079542",
    "name": "Mleta kava",
    "url": "",
    "result_class": "product",
    "type": "product",
    "product_id": 10079542,
    "erp_number": "10079542",
    "item_id": 10079542,
    "full_title": "BARCAFFÈ Mleta kava",
    "title": "Mleta kava",
    "category": "Food",
    "product_type": "RETAIL",
    "age_restriction": false,
    "is_used_product": false,
    "multipack": false,
    "online": false,
    "store": true,
    "quick_add_to_cart": false,
    "flash_sales": false,
    "having_videos": false,
    "having_threesixty": false,
    "price": 9.99,
    "old_price": 0.0,
    "currency_code": "EUR",
    "currency_symbol": "€",
    "has_star": true,
    "has_vat": false,
    "price_theme": "white_red",
    "variants_have_different_prices": false,
    "base_price_text": "1 kg = 16.65",
    "base_price_prefix": false,
    "packaging_text": "600 g",
    "discount_deleted_price": null,
    "discount_text": "+ 28 % GRATIS!**",
    "discount_percentage": null,
    "discount_has_star": false,
    "show_discount": false,
    "show_percentage": false,
    "from_recommended_price": false,
    "availability_indicator": 0,
    "online_available": false,
    "min_orderable_quantity": 1,
    "orderable_quantities": [],
    "badge_texts": [
      "V trgovini od 03.07. do 09.07."
    ],
    "badge_types": [
      "IN_STORE_PAST_DATE_RANGE"
    ],
    "main_image": "https://imgproxy-retcat.assets.schwarz/tiY6jb6dZqGgGlYLAT6kfsHn0gqFSUBdRIef77q5SRw/sm:1/w:427/h:320/cz/M6Ly9wcm9kLWNhd/GFsb2ctbWVkaWEvc2kvMS9FMURCRkE2MzUxQTEyOERFNzRCNjkyMUM/2QzJCNzBBQzU4MTU5RDFGRERGMENERUM2MkM1N0FGNUZFM0M5RUYzLmpwZw.jpg",
    "image_list": [
      "https://imgproxy-retcat.assets.schwarz/tiY6jb6dZqGgGlYLAT6kfsHn0gqFSUBdRIef77q5SRw/sm:1/w:427/h:320/cz/M6Ly9wcm9kLWNhd/GFsb2ctbWVkaWEvc2kvMS9FMURCRkE2MzUxQTEyOERFNzRCNjkyMUM/2QzJCNzBBQzU4MTU5RDFGRERGMENERUM2MkM1N0FGNUZFM0M5RUYzLmpwZw.jpg"
    ],
    "image_accessibility": "Paket mlete kave Barcaffe Classic.",
    "detailed_images": [
      {
        "url": "https://imgproxy-retcat.assets.schwarz/tiY6jb6dZqGgGlYLAT6kfsHn0gqFSUBdRIef77q5SRw/sm:1/w:427/h:320/cz/M6Ly9wcm9kLWNhd/GFsb2ctbWVkaWEvc2kvMS9FMURCRkE2MzUxQTEyOERFNzRCNjkyMUM/2QzJCNzBBQzU4MTU5RDFGRERGMENERUM2MkM1N0FGNUZFM0M5RUYzLmpwZw.jpg",
        "accessibility": "Paket mlete kave Barcaffe Classic."
      }
    ],
    "analytics_category": "Food",
    "more_details": "Dodatne podrobnosti o izdelku",
    "won_category_primary": "Svetovi potreb/Hrana in bližnja hrana/Kava, čaj in kakav",
    "won_category_primary_path": "0/17/1730",
    "canonical_path": "/p/barcaffe-mleta-kava/p10079542",
    "canonical_url": "/p/barcaffe-mleta-kava/p10079542",
    "awards": [],
    "seals": [
      {
        "altText": "Slovenski izdelek",
        "image": "https://imgproxy-retcat.assets.schwarz/065GlWscfuyzRNlqdEjgEaZNE6893872XSglFaanlJA/sm:1/w:140/cz/M6Ly9wcm9kLWNhd/GFsb2ctbWVkaWEvc2kvMi83RTk4NkYyRDk1MTlDRUJBNzA1N0JGMzA/1QjA1NjUyRjVCMjMzNzZGRjY4MzVEREFGQzIwQzE5NDVFQUE5M0RCLnBuZw.png"
      }
    ],
    "ribbons": [],
    "highlighted_seals": 0,
    "lidl_plus": [],
    "regions": [],
    "ians": [
      "7306077"
    ],
    "show_brand": true,
    "deal_of_day_active": false,
    "full_title_meta": "BARCAFFÈ Mleta kava",
    "lists": [
      4986
    ],
    "preview": false,
    "category_breadcrumbs": [
      {
        "id": "10068374",
        "name": "Hrana in pijača",
        "url": "/c/hrana-in-pijaca/s10068374",
        "hidden": false
      },
      {
        "id": "10071683",
        "name": "Kava, čaj in kakav",
        "url": "/h/kava-caj-in-kakav/h10071683",
        "hidden": false
      }
    ],
    "campaigns": [
      {
        "id": "Current_Sales_Week",
        "name": "Ta teden",
        "url": null,
        "hidden": false
      },
      {
        "id": "10074808",
        "name": "Tvoja Lidl cena",
        "url": "/c/tvoja-lidl-cena/a10074808",
        "hidden": false
      }
    ],
    "world_of_needs_code": "1730",
    "world_of_needs_name": "Kava, čaj in kakav",
    "world_of_needs_parent": "17",
    "is_main_category": true,
    "super_categories": [
      {
        "code": "17",
        "name": "Hrana in bližnja hrana",
        "parent": "0"
      },
      {
        "code": "0",
        "name": "Svetovi potreb",
        "parent": ""
      }
    ],
    "position": 439,
    "tracking_payload": {
      "searchTrackingMasterId": "Product.10079542",
      "searchTrackingTitle": "Mleta+kava",
      "searchTrackingPageSize": 100,
      "searchTrackingPage": 5,
      "searchTrackingEvent": "click",
      "list": "search",
      "searchTrackingId": "Product.10079542",
      "searchTrackingOrigPos": 1,
      "searchTrackingPos": 439,
      "searchTrackingOrigPageSize": 100,
      "searchTrackingChannel": "SI",
      "category": "Food"
    }
  },
  {
    "code": "10082014",
    "name": "Alpsko mleko",
    "url": "",
    "result_class": "product",
    "type": "product",
    "product_id": 10082014,
    "erp_number": "10082014",
    "item_id": 10082014,
    "full_title": "LJUBLJANSKE MLEKARNE Alpsko mleko",
    "title": "Alpsko mleko",
    "category": "Food",
    "product_type": "RETAIL",
    "age_restriction": false,
    "is_used_product": false,
    "multipack": false,
    "online": false,
    "store": true,
    "quick_add_to_cart": false,
    "flash_sales": false,
    "having_videos": false,
    "having_threesixty": false,
    "price": 6.69,
    "old_price": 0.0,
    "currency_code": "EUR",
    "currency_symbol": "€",
    "has_star": true,
    "has_vat": false,
    "price_theme": "white_red",
    "variants_have_different_prices": false,
    "base_price_text": "1 l = 1.12",
    "base_price_prefix": false,
    "packaging_text": "6 x 1 l",
    "discount_deleted_price": null,
    "discount_text": "ZGRABITE PRILOŽNOST!",
    "discount_percentage": null,
    "discount_has_star": false,
    "show_discount": false,
    "show_percentage": false,
    "from_recommended_price": false,
    "availability_indicator": 0,
    "online_available": false,
    "min_orderable_quantity": 1,
    "orderable_quantities": [],
    "badge_texts": [
      "V trgovini od 03.07. do 09.07."
    ],
    "badge_types": [
      "IN_STORE_PAST_DATE_RANGE"
    ],
    "main_image": "https://imgproxy-retcat.assets.schwarz/WqKGg5F6II4VXcXg9na3F23ZIPJuSd3q91Upschd9Sk/sm:1/w:427/h:320/cz/M6Ly9wcm9kLWNhd/GFsb2ctbWVkaWEvc2kvMS85QzlDODc4OTkyQjlEOTUwM0IwRUYyMER/BRUQ0N0QxRkM0NzRFQTdCOEEyMTQ5QjY1OTMzNDBDNjQxODA5OTI5LmpwZw.jpg",
    "image_list": [
      "https://imgproxy-retcat.assets.schwarz/WqKGg5F6II4VXcXg9na3F23ZIPJuSd3q91Upschd9Sk/sm:1/w:427/h:320/cz/M6Ly9wcm9kLWNhd/GFsb2ctbWVkaWEvc2kvMS85QzlDODc4OTkyQjlEOTUwM0IwRUYyMER/BRUQ0N0QxRkM0NzRFQTdCOEEyMTQ5QjY1OTMzNDBDNjQxODA5OTI5LmpwZw.jpg"
    ],
    "image_accessibility": "Škatla Alpro sojinega napitka z ročajem.",
    "detailed_images": [
      {
        "url": "https://imgproxy-retcat.assets.schwarz/WqKGg5F6II4VXcXg9na3F23ZIPJuSd3q91Upschd9Sk/sm:1/w:427/h:320/cz/M6Ly9wcm9kLWNhd/GFsb2ctbWVkaWEvc2kvMS85QzlDODc4OTkyQjlEOTUwM0IwRUYyMER/BRUQ0N0QxRkM0NzRFQTdCOEEyMTQ5QjY1OTMzNDBDNjQxODA5OTI5LmpwZw.jpg",
        "accessibility": "Škatla Alpro sojinega napitka z ročajem."
      }
    ],
    "analytics_category": "Food",
    "more_details": "Dodatne podrobnosti o izdelku",
    "won_category_primary": "Svetovi potreb/Hrana in bližnja hrana/Sir in mlečni izdelki (vključno z maslom in sirom)",
    "won_category_primary_path": "0/17/1718",
    "canonical_path": "/p/ljubljanske-mlekarne-alpsko-mleko/p10082014",
    "canonical_url": "/p/ljubljanske-mlekarne-alpsko-mleko/p10082014",
    "awards": [],
    "seals": [
      {
        "altText": "Nalepka: IZBRANA KAKOVOST, dva diamanti",
        "image": "https://imgproxy-retcat.assets.schwarz/wtd5_GfhfuyCgNwAfOv49gnGT4Rn6TY8NjywUVGixAk/sm:1/w:140/cz/M6Ly9wcm9kLWNhd/GFsb2ctbWVkaWEvc2kvMi9ERjg3RTE1MjgwMUFGRjI2RTRDNEZCMTc/zMkQ1NjRFODNBNzZEN0IxNUQ5MDY2Q0U4RDAxMEY5MTUzMzkyQjRCLnBuZw.png"
      }
    ],
    "ribbons": [],
    "highlighted_seals": 0,
    "lidl_plus": [],
    "regions": [],
    "ians": [
      "7302570"
    ],
    "show_brand": true,
    "deal_of_day_active": false,
    "full_title_meta": "LJUBLJANSKE MLEKARNE Alpsko mleko",
    "lists": [
      4986
    ],
    "preview": false,
    "category_breadcrumbs": [
      {
        "id": "10068374",
        "name": "Hrana in pijača",
        "url": "/c/hrana-in-pijaca/s10068374",
        "hidden": false
      },
      {
        "id": "10071017",
        "name": " Sir &  Mlečni izdelki",
        "url": "/h/sir-mlecni-izdelki/h10071017",
        "hidden": false
      }
    ],
    "campaigns": [
      {
        "id": "Current_Sales_Week",
        "name": "Ta teden",
        "url": null,
        "hidden": false
      },
      {
        "id": "10074808",
        "name": "Tvoja Lidl cena",
        "url": "/c/tvoja-lidl-cena/a10074808",
        "hidden": false
      }
    ],
    "world_of_needs_code": "1718",
    "world_of_needs_name": "Sir in mlečni izdelki (vključno z maslom in sirom)",
    "world_of_needs_parent": "17",
    "is_main_category": true,
    "super_categories": [
      {
        "code": "17",
        "name": "Hrana in bližnja hrana",
        "parent": "0"
      },
      {
        "code": "0",
        "name": "Svetovi potreb",
        "parent": ""
      }
    ],
    "position": 440,
    "tracking_payload": {
      "searchTrackingMasterId": "Product.10082014",
      "searchTrackingTitle": "Alpsko+mleko",
      "searchTrackingPageSize": 100,
      "searchTrackingPage": 5,
      "searchTrackingEvent": "click",
      "list": "search",
      "searchTrackingId": "Product.10082014",
      "searchTrackingOrigPos": 1,
      "searchTrackingPos": 440,
      "searchTrackingOrigPageSize": 100,
      "searchTrackingChannel": "SI",
      "category": "Food"
    }
  },
  {
    "code": "10082038",
    "name": "Sveži leskovački čevapčiči",
    "url": "",
    "result_class": "product",
    "type": "product",
    "product_id": 10082038,
    "erp_number": "10082038",
    "item_id": 10082038,
    "full_title": "ŽAR LEGENDE Sveži leskovački čevapčiči",
    "title": "Sveži leskovački čevapčiči",
    "category": "Food",
    "product_type": "RETAIL",
    "age_restriction": false,
    "is_used_product": false,
    "multipack": false,
    "online": false,
    "store": true,
    "quick_add_to_cart": false,
    "flash_sales": false,
    "having_videos": false,
    "having_threesixty": false,
    "price": null,
    "old_price": null,
    "currency_code": "EUR",
    "currency_symbol": "€",
    "has_star": true,
    "has_vat": false,
    "price_theme": null,
    "variants_have_different_prices": false,
    "base_price_text": null,
    "base_price_prefix": null,
    "packaging_text": null,
    "discount_deleted_price": null,
    "discount_text": null,
    "discount_percentage": null,
    "discount_has_star": null,
    "show_discount": null,
    "show_percentage": null,
    "from_recommended_price": null,
    "availability_indicator": 0,
    "online_available": false,
    "min_orderable_quantity": 1,
    "orderable_quantities": [],
    "badge_texts": [
      "V trgovini od 03.07. do 09.07."
    ],
    "badge_types": [
      "IN_STORE_PAST_DATE_RANGE"
    ],
    "main_image": "https://imgproxy-retcat.assets.schwarz/8aw9ci1cTd14zO8nt7j91hfMvbCc_ZONWcVMSDGX_lA/sm:1/w:427/h:320/cz/M6Ly9wcm9kLWNhd/GFsb2ctbWVkaWEvc2kvMS9ERTBENTE1OUQ5MTYxOTIxMDQ3ODRDMjk/5ODIyQkU4NzY3NUYwMTNCNTgzQkE2QTFGNDY3MEYxMTc4RTBGNjAzLmpwZw.jpg",
    "image_list": [
      "https://imgproxy-retcat.assets.schwarz/8aw9ci1cTd14zO8nt7j91hfMvbCc_ZONWcVMSDGX_lA/sm:1/w:427/h:320/cz/M6Ly9wcm9kLWNhd/GFsb2ctbWVkaWEvc2kvMS9ERTBENTE1OUQ5MTYxOTIxMDQ3ODRDMjk/5ODIyQkU4NzY3NUYwMTNCNTgzQkE2QTFGNDY3MEYxMTc4RTBGNjAzLmpwZw.jpg"
    ],
    "image_accessibility": "Pakiranje mesnih čevapčičev znamke Carnex.",
    "detailed_images": [
      {
        "url": "https://imgproxy-retcat.assets.schwarz/8aw9ci1cTd14zO8nt7j91hfMvbCc_ZONWcVMSDGX_lA/sm:1/w:427/h:320/cz/M6Ly9wcm9kLWNhd/GFsb2ctbWVkaWEvc2kvMS9ERTBENTE1OUQ5MTYxOTIxMDQ3ODRDMjk/5ODIyQkU4NzY3NUYwMTNCNTgzQkE2QTFGNDY3MEYxMTc4RTBGNjAzLmpwZw.jpg",
        "accessibility": "Pakiranje mesnih čevapčičev znamke Carnex."
      }
    ],
    "analytics_category": "Food",
    "more_details": "Dodatne podrobnosti o izdelku",
    "won_category_primary": "Svetovi potreb/Hrana in bližnja hrana/Klobase in meso",
    "won_category_primary_path": "0/17/1717",
    "canonical_path": "/p/zar-legende-svezi-leskovacki-cevapcici/p10082038",
    "canonical_url": "/p/zar-legende-svezi-leskovacki-cevapcici/p10082038",
    "awards": [],
    "seals": [
      {
        "altText": "Logotip Lidl Plus",
        "image": "https://imgproxy-retcat.assets.schwarz/DjNLhjIEpHeUFO-WYf3wploAS16YAf6tVgt5EMshyFs/sm:1/w:140/cz/M6Ly9wcm9kLWNhd/GFsb2ctbWVkaWEvc2kvMi9BMEU2QkJCNEZCQTZENzlEQ0MzRDRFOEM/2REREODBCRjMwQUNFQjJBMDBGREI4RjI1M0Y3MDYzOTFFMTg3RUVGLnBuZw.png"
      },
      {
        "altText": "Slovenski izdelek",
        "image": "https://imgproxy-retcat.assets.schwarz/065GlWscfuyzRNlqdEjgEaZNE6893872XSglFaanlJA/sm:1/w:140/cz/M6Ly9wcm9kLWNhd/GFsb2ctbWVkaWEvc2kvMi83RTk4NkYyRDk1MTlDRUJBNzA1N0JGMzA/1QjA1NjUyRjVCMjMzNzZGRjY4MzVEREFGQzIwQzE5NDVFQUE5M0RCLnBuZw.png"
      }
    ],
    "ribbons": [],
    "highlighted_seals": 0,
    "lidl_plus": [
      {
        "price": {
          "basePrice": {
            "prefix": false,
            "text": "1 kg = 6.23"
          },
          "discount": {
            "deletedPrice": 3.99,
            "discountHasStar": false,
            "discountText": "- 25 %",
            "fromRecommendedPrice": false,
            "showDiscount": true,
            "showFrom": false,
            "showPercentage": true,
            "showUpTo": false
          },
          "displayedCurrency": "€",
          "hasStar": true,
          "hasVat": false,
          "oldPrice": 3.99,
          "packaging": {
            "text": "480 g"
          },
          "price": 2.99,
          "priceTheme": "red_yellow",
          "specialTaxes": []
        },
        "lidlPlusText": "z Lidl Plus",
        "highlightText": "- 25 %"
      }
    ],
    "regions": [],
    "ians": [
      "7308523"
    ],
    "show_brand": true,
    "deal_of_day_active": false,
    "full_title_meta": "ŽAR LEGENDE Sveži leskovački čevapčiči",
    "lists": [
      4986
    ],
    "preview": false,
    "category_breadcrumbs": [
      {
        "id": "10068374",
        "name": "Hrana in pijača",
        "url": "/c/hrana-in-pijaca/s10068374",
        "hidden": false
      },
      {
        "id": "10071016",
        "name": "Meso in mesni izdelki",
        "url": "/h/meso-in-mesni-izdelki/h10071016",
        "hidden": false
      }
    ],
    "campaigns": [
      {
        "id": "Current_Sales_Week",
        "name": "Ta teden",
        "url": null,
        "hidden": false
      },
      {
        "id": "10024188",
        "name": "Lidl Plus",
        "url": "/c/lidl-plus/a10024188",
        "hidden": false
      }
    ],
    "world_of_needs_code": "1717",
    "world_of_needs_name": "Klobase in meso",
    "world_of_needs_parent": "17",
    "is_main_category": true,
    "super_categories": [
      {
        "code": "17",
        "name": "Hrana in bližnja hrana",
        "parent": "0"
      },
      {
        "code": "0",
        "name": "Svetovi potreb",
        "parent": ""
      }
    ],
    "position": 441,
    "tracking_payload": {
      "searchTrackingMasterId": "Product.10082038",
      "searchTrackingTitle": "Sve%C5%BEi+leskova%C4%8Dki+%C4%8Devap%C4%8Di%C4%8Di",
      "searchTrackingPageSize": 100,
      "searchTrackingPage": 5,
      "searchTrackingEvent": "click",
      "list": "search",
      "searchTrackingId": "Product.10082038",
      "searchTrackingOrigPos": 1,
      "searchTrackingPos": 441,
      "searchTrackingOrigPageSize": 100,
      "searchTrackingChannel": "SI",
      "category": "Food"
    }
  },
  {
    "code": "10082044",
    "name": "Nektarine",
    "url": "",
    "result_class": "product",
    "type": "product",
    "product_id": 10082044,
    "erp_number": "10082044",
    "item_id": 10082044,
    "full_title": "Nektarine",
    "title": "Nektarine",
    "category": "Food",
    "product_type": "RETAIL",
    "age_restriction": false,
    "is_used_product": false,
    "multipack": false,
    "online": false,
    "store": true,
    "quick_add_to_cart": false,
    "flash_sales": false,
    "having_videos": false,
    "having_threesixty": false,
    "price": null,
    "old_price": null,
    "currency_code": "EUR",
    "currency_symbol": "€",
    "has_star": true,
    "has_vat": false,
    "price_theme": null,
    "variants_have_different_prices": false,
    "base_price_text": null,
    "base_price_prefix": null,
    "packaging_text": null,
    "discount_deleted_price": null,
    "discount_text": null,
    "discount_percentage": null,
    "discount_has_star": null,
    "show_discount": null,
    "show_percentage": null,
    "from_recommended_price": null,
    "availability_indicator": 0,
    "online_available": false,
    "min_orderable_quantity": 1,
    "orderable_quantities": [],
    "badge_texts": [
      "V trgovini od 03.07. do 09.07."
    ],
    "badge_types": [
      "IN_STORE_PAST_DATE_RANGE"
    ],
    "main_image": "https://imgproxy-retcat.assets.schwarz/cl9XThBJqfrOzVysdICxA7TSLoxouTX6LLjAp1NTVmA/sm:1/w:427/h:320/cz/M6Ly9wcm9kLWNhd/GFsb2ctbWVkaWEvc2kvMS9COTg4QjVEODA1RjU3RTlBMkQ2NDczNDg/4NTMwMEFDMzRDN0ZEMTc0MjlGQTk3OTNBNTY5NzhCNEQ4MDQ4NEJELmpwZw.jpg",
    "image_list": [
      "https://imgproxy-retcat.assets.schwarz/cl9XThBJqfrOzVysdICxA7TSLoxouTX6LLjAp1NTVmA/sm:1/w:427/h:320/cz/M6Ly9wcm9kLWNhd/GFsb2ctbWVkaWEvc2kvMS9COTg4QjVEODA1RjU3RTlBMkQ2NDczNDg/4NTMwMEFDMzRDN0ZEMTc0MjlGQTk3OTNBNTY5NzhCNEQ4MDQ4NEJELmpwZw.jpg"
    ],
    "image_accessibility": "Košara s sočnimi breskvami.",
    "detailed_images": [
      {
        "url": "https://imgproxy-retcat.assets.schwarz/cl9XThBJqfrOzVysdICxA7TSLoxouTX6LLjAp1NTVmA/sm:1/w:427/h:320/cz/M6Ly9wcm9kLWNhd/GFsb2ctbWVkaWEvc2kvMS9COTg4QjVEODA1RjU3RTlBMkQ2NDczNDg/4NTMwMEFDMzRDN0ZEMTc0MjlGQTk3OTNBNTY5NzhCNEQ4MDQ4NEJELmpwZw.jpg",
        "accessibility": "Košara s sočnimi breskvami."
      }
    ],
    "analytics_category": "Food",
    "more_details": "Dodatne podrobnosti o izdelku",
    "won_category_primary": "Svetovi potreb/Hrana in bližnja hrana/Sadje in zelenjava",
    "won_category_primary_path": "0/17/1710",
    "canonical_path": "/p/nektarine/p10082044",
    "canonical_url": "/p/nektarine/p10082044",
    "awards": [],
    "seals": [
      {
        "altText": "Logotip Lidl Plus",
        "image": "https://imgproxy-retcat.assets.schwarz/DjNLhjIEpHeUFO-WYf3wploAS16YAf6tVgt5EMshyFs/sm:1/w:140/cz/M6Ly9wcm9kLWNhd/GFsb2ctbWVkaWEvc2kvMi9BMEU2QkJCNEZCQTZENzlEQ0MzRDRFOEM/2REREODBCRjMwQUNFQjJBMDBGREI4RjI1M0Y3MDYzOTFFMTg3RUVGLnBuZw.png"
      }
    ],
    "ribbons": [],
    "highlighted_seals": 0,
    "lidl_plus": [
      {
        "price": {
          "discount": {
            "deletedPrice": 2.69,
            "discountHasStar": false,
            "discountText": "- 29 %",
            "fromRecommendedPrice": false,
            "showDiscount": true,
            "showFrom": false,
            "showPercentage": true,
            "showUpTo": false
          },
          "displayedCurrency": "€",
          "hasStar": true,
          "hasVat": false,
          "oldPrice": 2.69,
          "packaging": {
            "text": "1 kg"
          },
          "price": 1.89,
          "priceTheme": "red_yellow",
          "specialTaxes": []
        },
        "lidlPlusText": "z Lidl Plus",
        "highlightText": "- 29 %"
      }
    ],
    "regions": [],
    "ians": [
      "80380"
    ],
    "show_brand": false,
    "deal_of_day_active": false,
    "full_title_meta": "Nektarine",
    "lists": [
      4986
    ],
    "preview": false,
    "category_breadcrumbs": [
      {
        "id": "10068374",
        "name": "Hrana in pijača",
        "url": "/c/hrana-in-pijaca/s10068374",
        "hidden": false
      },
      {
        "id": "10071012",
        "name": "Sadje in zelenjava",
        "url": "/h/sadje-in-zelenjava/h10071012",
        "hidden": false
      }
    ],
    "campaigns": [
      {
        "id": "Current_Sales_Week",
        "name": "Ta teden",
        "url": null,
        "hidden": false
      },
      {
        "id": "10024188",
        "name": "Lidl Plus",
        "url": "/c/lidl-plus/a10024188",
        "hidden": false
      }
    ],
    "world_of_needs_code": "1710",
    "world_of_needs_name": "Sadje in zelenjava",
    "world_of_needs_parent": "17",
    "is_main_category": true,
    "super_categories": [
      {
        "code": "17",
        "name": "Hrana in bližnja hrana",
        "parent": "0"
      },
      {
        "code": "0",
        "name": "Svetovi potreb",
        "parent": ""
      }
    ],
    "position": 442,
    "tracking_payload": {
      "searchTrackingMasterId": "Product.10082044",
      "searchTrackingTitle": "Nektarine",
      "searchTrackingPageSize": 100,
      "searchTrackingPage": 5,
      "searchTrackingEvent": "click",
      "list": "search",
      "searchTrackingId": "Product.10082044",
      "searchTrackingOrigPos": 1,
      "searchTrackingPos": 442,
      "searchTrackingOrigPageSize": 100,
      "searchTrackingChannel": "SI",
      "category": "Food"
    }
  },
  {
    "code": "10082052",
    "name": "Coca Cola",
    "url": "",
    "result_class": "product",
    "type": "product",
    "product_id": 10082052,
    "erp_number": "10082052",
    "item_id": 10082052,
    "full_title": "Coca Cola",
    "title": "Coca Cola",
    "category": "Food",
    "product_type": "RETAIL",
    "age_restriction": false,
    "is_used_product": false,
    "multipack": false,
    "online": false,
    "store": true,
    "quick_add_to_cart": false,
    "flash_sales": false,
    "having_videos": false,
    "having_threesixty": false,
    "price": 4.49,
    "old_price": 0.0,
    "currency_code": "EUR",
    "currency_symbol": "€",
    "has_star": true,
    "has_vat": false,
    "price_theme": "white_red",
    "variants_have_different_prices": false,
    "base_price_text": "1 l = 2.49",
    "base_price_prefix": false,
    "packaging_text": "12 x 150 ml",
    "discount_deleted_price": null,
    "discount_text": "ZGRABITE PRILOŽNOST!",
    "discount_percentage": null,
    "discount_has_star": false,
    "show_discount": false,
    "show_percentage": false,
    "from_recommended_price": false,
    "availability_indicator": 0,
    "online_available": false,
    "min_orderable_quantity": 1,
    "orderable_quantities": [],
    "badge_texts": [
      "V trgovini od 03.07. do 09.07."
    ],
    "badge_types": [
      "IN_STORE_PAST_DATE_RANGE"
    ],
    "main_image": "https://imgproxy-retcat.assets.schwarz/QNw-QWOy_YB8Wf3LbeKsR6Dh_oD7ab8cxmRNPGux7r4/sm:1/w:427/h:320/cz/M6Ly9wcm9kLWNhd/GFsb2ctbWVkaWEvc2kvMS8xN0Q4MjY4REE4NzZFQUJDQUNBNEQ0OEQ/xMTYxRjlCRTIzRDc4ODU2NkI3M0FEQjc5Q0Q4MEQ2MEFEMDEyMTVFLmpwZw.jpg",
    "image_list": [
      "https://imgproxy-retcat.assets.schwarz/QNw-QWOy_YB8Wf3LbeKsR6Dh_oD7ab8cxmRNPGux7r4/sm:1/w:427/h:320/cz/M6Ly9wcm9kLWNhd/GFsb2ctbWVkaWEvc2kvMS8xN0Q4MjY4REE4NzZFQUJDQUNBNEQ0OEQ/xMTYxRjlCRTIzRDc4ODU2NkI3M0FEQjc5Q0Q4MEQ2MEFEMDEyMTVFLmpwZw.jpg",
      "https://imgproxy-retcat.assets.schwarz/mOz8dsrLTBzaQ6ElLvuwjxIrNhAlo2pik6iISkrsXmg/sm:1/w:427/h:320/cz/M6Ly9wcm9kLWNhd/GFsb2ctbWVkaWEvc2kvMS8xRkNFMjYyQUEwMzlDODM2MkE3ODE5QkI/1RkMyMjgzRkM0QzFBMTgxMzdFOEIyMEY2RTBDQTMyN0JEQTM0RDc1LmpwZw.jpg",
      "https://imgproxy-retcat.assets.schwarz/9Lyv9iY0OubRaiSpUWCNKi0kgIDkmhObM-cotSnmcYs/sm:1/w:427/h:320/cz/M6Ly9wcm9kLWNhd/GFsb2ctbWVkaWEvc2kvMS9BNjQ4RkE4QjZDMURFQUE4MTEwOEZCNjF/DRDhGNUQ4NUUwQTMzNUYyNDQ2QzMzRTA5N0I5QkZBQUY1ODhGMUY1LmpwZw.jpg"
    ],
    "image_accessibility": "Dve škatli Coca-Cole v pločevinkah.",
    "detailed_images": [
      {
        "url": "https://imgproxy-retcat.assets.schwarz/QNw-QWOy_YB8Wf3LbeKsR6Dh_oD7ab8cxmRNPGux7r4/sm:1/w:427/h:320/cz/M6Ly9wcm9kLWNhd/GFsb2ctbWVkaWEvc2kvMS8xN0Q4MjY4REE4NzZFQUJDQUNBNEQ0OEQ/xMTYxRjlCRTIzRDc4ODU2NkI3M0FEQjc5Q0Q4MEQ2MEFEMDEyMTVFLmpwZw.jpg",
        "accessibility": "Dve škatli Coca-Cole v pločevinkah."
      },
      {
        "url": "https://imgproxy-retcat.assets.schwarz/mOz8dsrLTBzaQ6ElLvuwjxIrNhAlo2pik6iISkrsXmg/sm:1/w:427/h:320/cz/M6Ly9wcm9kLWNhd/GFsb2ctbWVkaWEvc2kvMS8xRkNFMjYyQUEwMzlDODM2MkE3ODE5QkI/1RkMyMjgzRkM0QzFBMTgxMzdFOEIyMEY2RTBDQTMyN0JEQTM0RDc1LmpwZw.jpg",
        "accessibility": "Osem pločevink Coca-Cole v rdečem škatlu."
      },
      {
        "url": "https://imgproxy-retcat.assets.schwarz/9Lyv9iY0OubRaiSpUWCNKi0kgIDkmhObM-cotSnmcYs/sm:1/w:427/h:320/cz/M6Ly9wcm9kLWNhd/GFsb2ctbWVkaWEvc2kvMS9BNjQ4RkE4QjZDMURFQUE4MTEwOEZCNjF/DRDhGNUQ4NUUwQTMzNUYyNDQ2QzMzRTA5N0I5QkZBQUY1ODhGMUY1LmpwZw.jpg",
        "accessibility": "Osem pločevink Coca-Cole v rdečem škatlu."
      }
    ],
    "analytics_category": "Food",
    "more_details": "Dodatne podrobnosti o izdelku",
    "won_category_primary": "Svetovi potreb/Hrana in bližnja hrana/Pijače",
    "won_category_primary_path": "0/17/1720",
    "canonical_path": "/p/coca-cola/p10082052",
    "canonical_url": "/p/coca-cola/p10082052",
    "awards": [],
    "seals": [],
    "ribbons": [],
    "highlighted_seals": 0,
    "lidl_plus": [],
    "regions": [],
    "ians": [
      "9213"
    ],
    "show_brand": false,
    "deal_of_day_active": false,
    "full_title_meta": "Coca Cola",
    "lists": [
      4986
    ],
    "preview": false,
    "category_breadcrumbs": [
      {
        "id": "10068374",
        "name": "Hrana in pijača",
        "url": "/c/hrana-in-pijaca/s10068374",
        "hidden": false
      },
      {
        "id": "10071022",
        "name": "Pijače",
        "url": "/h/pijace/h10071022",
        "hidden": false
      }
    ],
    "campaigns": [
      {
        "id": "Current_Sales_Week",
        "name": "Ta teden",
        "url": null,
        "hidden": false
      },
      {
        "id": "10074808",
        "name": "Tvoja Lidl cena",
        "url": "/c/tvoja-lidl-cena/a10074808",
        "hidden": false
      }
    ],
    "world_of_needs_code": "1720",
    "world_of_needs_name": "Pijače",
    "world_of_needs_parent": "17",
    "is_main_category": true,
    "super_categories": [
      {
        "code": "17",
        "name": "Hrana in bližnja hrana",
        "parent": "0"
      },
      {
        "code": "0",
        "name": "Svetovi potreb",
        "parent": ""
      }
    ],
    "position": 443,
    "tracking_payload": {
      "searchTrackingMasterId": "Product.10082052",
      "searchTrackingTitle": "Coca+Cola",
      "searchTrackingPageSize": 100,
      "searchTrackingPage": 5,
      "searchTrackingEvent": "click",
      "list": "search",
      "searchTrackingId": "Product.10082052",
      "searchTrackingOrigPos": 1,
      "searchTrackingPos": 443,
      "searchTrackingOrigPageSize": 100,
      "searchTrackingChannel": "SI",
      "category": "Food"
    }
  },
  {
    "code": "10082064",
    "name": "Čokoladne kapljice",
    "url": "",
    "result_class": "product",
    "type": "product",
    "product_id": 10082064,
    "erp_number": "10082064",
    "item_id": 10082064,
    "full_title": "LEONE Čokoladne kapljice",
    "title": "Čokoladne kapljice",
    "category": "Food",
    "product_type": "RETAIL",
    "age_restriction": false,
    "is_used_product": false,
    "multipack": false,
    "online": false,
    "store": true,
    "quick_add_to_cart": false,
    "flash_sales": false,
    "having_videos": false,
    "having_threesixty": false,
    "price": null,
    "old_price": null,
    "currency_code": "EUR",
    "currency_symbol": "€",
    "has_star": true,
    "has_vat": false,
    "price_theme": null,
    "variants_have_different_prices": false,
    "base_price_text": null,
    "base_price_prefix": null,
    "packaging_text": null,
    "discount_deleted_price": null,
    "discount_text": null,
    "discount_percentage": null,
    "discount_has_star": null,
    "show_discount": null,
    "show_percentage": null,
    "from_recommended_price": null,
    "availability_indicator": 0,
    "online_available": false,
    "min_orderable_quantity": 1,
    "orderable_quantities": [],
    "badge_texts": [
      "V trgovini od 03.07. do 09.07."
    ],
    "badge_types": [
      "IN_STORE_PAST_DATE_RANGE"
    ],
    "main_image": "https://imgproxy-retcat.assets.schwarz/ioQEndX1sjgeOwn839MOV52tBrHduEp8cjL0oQ3zQhM/sm:1/w:427/h:320/cz/M6Ly9wcm9kLWNhd/GFsb2ctbWVkaWEvc2kvMS9GOTE5RjA2ODQyQkMxNzJBRjRDMzE3OUY/2MjZFODlBODhFRTg1N0Q4NUJEQjBEOEU3RUNDMUIyM0Q0NzhCRTM2LmpwZw.jpg",
    "image_list": [
      "https://imgproxy-retcat.assets.schwarz/ioQEndX1sjgeOwn839MOV52tBrHduEp8cjL0oQ3zQhM/sm:1/w:427/h:320/cz/M6Ly9wcm9kLWNhd/GFsb2ctbWVkaWEvc2kvMS9GOTE5RjA2ODQyQkMxNzJBRjRDMzE3OUY/2MjZFODlBODhFRTg1N0Q4NUJEQjBEOEU3RUNDMUIyM0Q0NzhCRTM2LmpwZw.jpg"
    ],
    "image_accessibility": "Tri vrečke čokoladnih prigrizkov Alive v različnih okusih.",
    "detailed_images": [
      {
        "url": "https://imgproxy-retcat.assets.schwarz/ioQEndX1sjgeOwn839MOV52tBrHduEp8cjL0oQ3zQhM/sm:1/w:427/h:320/cz/M6Ly9wcm9kLWNhd/GFsb2ctbWVkaWEvc2kvMS9GOTE5RjA2ODQyQkMxNzJBRjRDMzE3OUY/2MjZFODlBODhFRTg1N0Q4NUJEQjBEOEU3RUNDMUIyM0Q0NzhCRTM2LmpwZw.jpg",
        "accessibility": "Tri vrečke čokoladnih prigrizkov Alive v različnih okusih."
      }
    ],
    "analytics_category": "Food",
    "more_details": "Dodatne podrobnosti o izdelku",
    "won_category_primary": "Svetovi potreb/Hrana in bližnja hrana/Prigrizki in slaščice",
    "won_category_primary_path": "0/17/1721",
    "canonical_path": "/p/leone-cokoladne-kapljice/p10082064",
    "canonical_url": "/p/leone-cokoladne-kapljice/p10082064",
    "awards": [],
    "seals": [
      {
        "altText": "Logotip Lidl Plus",
        "image": "https://imgproxy-retcat.assets.schwarz/DjNLhjIEpHeUFO-WYf3wploAS16YAf6tVgt5EMshyFs/sm:1/w:140/cz/M6Ly9wcm9kLWNhd/GFsb2ctbWVkaWEvc2kvMi9BMEU2QkJCNEZCQTZENzlEQ0MzRDRFOEM/2REREODBCRjMwQUNFQjJBMDBGREI4RjI1M0Y3MDYzOTFFMTg3RUVGLnBuZw.png"
      },
      {
        "altText": "Slovenski izdelek",
        "image": "https://imgproxy-retcat.assets.schwarz/065GlWscfuyzRNlqdEjgEaZNE6893872XSglFaanlJA/sm:1/w:140/cz/M6Ly9wcm9kLWNhd/GFsb2ctbWVkaWEvc2kvMi83RTk4NkYyRDk1MTlDRUJBNzA1N0JGMzA/1QjA1NjUyRjVCMjMzNzZGRjY4MzVEREFGQzIwQzE5NDVFQUE5M0RCLnBuZw.png"
      }
    ],
    "ribbons": [
      {
        "type": "SPECIAL_DESCRIPTION",
        "text": "IZDELEK BO NA VOLJO LE V NEKATERIH TRGOVINAH",
        "theme": "red"
      }
    ],
    "highlighted_seals": 0,
    "lidl_plus": [
      {
        "price": {
          "basePrice": {
            "prefix": false,
            "text": "1 kg = 28.13"
          },
          "discount": {
            "deletedPrice": 1.29,
            "discountHasStar": false,
            "discountText": "- 30 %",
            "fromRecommendedPrice": false,
            "showDiscount": true,
            "showFrom": false,
            "showPercentage": true,
            "showUpTo": false
          },
          "displayedCurrency": "€",
          "hasStar": true,
          "hasVat": false,
          "oldPrice": 1.29,
          "packaging": {
            "text": "32 g"
          },
          "price": 0.9,
          "priceTheme": "red_yellow",
          "specialTaxes": []
        },
        "lidlPlusText": "z Lidl Plus",
        "highlightText": "- 30 %"
      }
    ],
    "regions": [],
    "ians": [
      "7306026"
    ],
    "show_brand": true,
    "deal_of_day_active": false,
    "full_title_meta": "LEONE Čokoladne kapljice",
    "lists": [
      4986
    ],
    "preview": false,
    "category_breadcrumbs": [
      {
        "id": "10068374",
        "name": "Hrana in pijača",
        "url": "/c/hrana-in-pijaca/s10068374",
        "hidden": false
      },
      {
        "id": "10071044",
        "name": "Prigrizki in sladkarije",
        "url": "/h/prigrizki-in-sladkarije/h10071044",
        "hidden": false
      }
    ],
    "campaigns": [
      {
        "id": "Current_Sales_Week",
        "name": "Ta teden",
        "url": null,
        "hidden": false
      },
      {
        "id": "10024188",
        "name": "Lidl Plus",
        "url": "/c/lidl-plus/a10024188",
        "hidden": false
      }
    ],
    "world_of_needs_code": "1721",
    "world_of_needs_name": "Prigrizki in slaščice",
    "world_of_needs_parent": "17",
    "is_main_category": true,
    "super_categories": [
      {
        "code": "17",
        "name": "Hrana in bližnja hrana",
        "parent": "0"
      },
      {
        "code": "0",
        "name": "Svetovi potreb",
        "parent": ""
      }
    ],
    "position": 444,
    "tracking_payload": {
      "searchTrackingMasterId": "Product.10082064",
      "searchTrackingTitle": "%C4%8Cokoladne+kapljice",
      "searchTrackingPageSize": 100,
      "searchTrackingPage": 5,
      "searchTrackingEvent": "click",
      "list": "search",
      "searchTrackingId": "Product.10082064",
      "searchTrackingOrigPos": 1,
      "searchTrackingPos": 444,
      "searchTrackingOrigPageSize": 100,
      "searchTrackingChannel": "SI",
      "category": "Food"
    }
  },
  {
    "code": "10082056",
    "name": "Athentikos grški tip jogurta",
    "url": "",
    "result_class": "product",
    "type": "product",
    "product_id": 10082056,
    "erp_number": "10082056",
    "item_id": 10082056,
    "full_title": "MU Athentikos grški tip jogurta",
    "title": "Athentikos grški tip jogurta",
    "category": "Food",
    "product_type": "RETAIL",
    "age_restriction": false,
    "is_used_product": false,
    "multipack": false,
    "online": false,
    "store": true,
    "quick_add_to_cart": false,
    "flash_sales": false,
    "having_videos": false,
    "having_threesixty": false,
    "price": 2.99,
    "old_price": 0.0,
    "currency_code": "EUR",
    "currency_symbol": "€",
    "has_star": true,
    "has_vat": false,
    "price_theme": "white_red",
    "variants_have_different_prices": false,
    "base_price_text": null,
    "base_price_prefix": null,
    "packaging_text": "1 kg",
    "discount_deleted_price": null,
    "discount_text": "ZGRABITE PRILOŽNOST!",
    "discount_percentage": null,
    "discount_has_star": false,
    "show_discount": false,
    "show_percentage": false,
    "from_recommended_price": false,
    "availability_indicator": 0,
    "online_available": false,
    "min_orderable_quantity": 1,
    "orderable_quantities": [],
    "badge_texts": [
      "V trgovini od 03.07. do 09.07."
    ],
    "badge_types": [
      "IN_STORE_PAST_DATE_RANGE"
    ],
    "main_image": "https://imgproxy-retcat.assets.schwarz/tHaJmMoNXhLtVuqTKRjEf-v4kWwSVditdKMSC0OZxiU/sm:1/w:427/h:320/cz/M6Ly9wcm9kLWNhd/GFsb2ctbWVkaWEvc2kvMS84OEY4MTU3Mjk4RThCNUQ5QzYyMUU5MDB/DRDY5QTM0OEUyMzBFQ0QwNUFBRTQ4MjZGQUNGMTY3QjkwNEQwRUJCLmpwZw.jpg",
    "image_list": [
      "https://imgproxy-retcat.assets.schwarz/tHaJmMoNXhLtVuqTKRjEf-v4kWwSVditdKMSC0OZxiU/sm:1/w:427/h:320/cz/M6Ly9wcm9kLWNhd/GFsb2ctbWVkaWEvc2kvMS84OEY4MTU3Mjk4RThCNUQ5QzYyMUU5MDB/DRDY5QTM0OEUyMzBFQ0QwNUFBRTQ4MjZGQUNGMTY3QjkwNEQwRUJCLmpwZw.jpg"
    ],
    "image_accessibility": "Vedro detergenta za pomivanje posode Mu Atlantis.",
    "detailed_images": [
      {
        "url": "https://imgproxy-retcat.assets.schwarz/tHaJmMoNXhLtVuqTKRjEf-v4kWwSVditdKMSC0OZxiU/sm:1/w:427/h:320/cz/M6Ly9wcm9kLWNhd/GFsb2ctbWVkaWEvc2kvMS84OEY4MTU3Mjk4RThCNUQ5QzYyMUU5MDB/DRDY5QTM0OEUyMzBFQ0QwNUFBRTQ4MjZGQUNGMTY3QjkwNEQwRUJCLmpwZw.jpg",
        "accessibility": "Vedro detergenta za pomivanje posode Mu Atlantis."
      }
    ],
    "analytics_category": "Food",
    "more_details": "Dodatne podrobnosti o izdelku",
    "won_category_primary": "Svetovi potreb/Hrana in bližnja hrana/Sir in mlečni izdelki (vključno z maslom in sirom)",
    "won_category_primary_path": "0/17/1718",
    "canonical_path": "/p/mu-athentikos-grski-tip-jogurta/p10082056",
    "canonical_url": "/p/mu-athentikos-grski-tip-jogurta/p10082056",
    "awards": [],
    "seals": [
      {
        "altText": "Nalepka: IZBRANA KAKOVOST, dva diamanti",
        "image": "https://imgproxy-retcat.assets.schwarz/wtd5_GfhfuyCgNwAfOv49gnGT4Rn6TY8NjywUVGixAk/sm:1/w:140/cz/M6Ly9wcm9kLWNhd/GFsb2ctbWVkaWEvc2kvMi9ERjg3RTE1MjgwMUFGRjI2RTRDNEZCMTc/zMkQ1NjRFODNBNzZEN0IxNUQ5MDY2Q0U4RDAxMEY5MTUzMzkyQjRCLnBuZw.png"
      },
      {
        "altText": "Nalepka: Hlajeno",
        "image": "https://imgproxy-retcat.assets.schwarz/7x3Iby7aD19hFySDnP2YoXt7E1r0JrvJVj0QO1gUOes/sm:1/w:140/cz/M6Ly9wcm9kLWNhd/GFsb2ctbWVkaWEvc2kvMi8xMzFBN0E2RDlCREZGREQxOEE2OTFDNEZ/FNDE5RTM0QUMxQjY4OEQ0OUY2QTAxMTRDRjQ1RjdCNTNDRjM2NUJBLnBuZw.png"
      }
    ],
    "ribbons": [],
    "highlighted_seals": 0,
    "lidl_plus": [],
    "regions": [],
    "ians": [
      "7306755"
    ],
    "show_brand": true,
    "deal_of_day_active": false,
    "full_title_meta": "MU Athentikos grški tip jogurta",
    "lists": [
      4986
    ],
    "preview": false,
    "category_breadcrumbs": [
      {
        "id": "10068374",
        "name": "Hrana in pijača",
        "url": "/c/hrana-in-pijaca/s10068374",
        "hidden": false
      },
      {
        "id": "10071017",
        "name": " Sir &  Mlečni izdelki",
        "url": "/h/sir-mlecni-izdelki/h10071017",
        "hidden": false
      }
    ],
    "campaigns": [
      {
        "id": "Current_Sales_Week",
        "name": "Ta teden",
        "url": null,
        "hidden": false
      },
      {
        "id": "10074808",
        "name": "Tvoja Lidl cena",
        "url": "/c/tvoja-lidl-cena/a10074808",
        "hidden": false
      }
    ],
    "world_of_needs_code": "1718",
    "world_of_needs_name": "Sir in mlečni izdelki (vključno z maslom in sirom)",
    "world_of_needs_parent": "17",
    "is_main_category": true,
    "super_categories": [
      {
        "code": "17",
        "name": "Hrana in bližnja hrana",
        "parent": "0"
      },
      {
        "code": "0",
        "name": "Svetovi potreb",
        "parent": ""
      }
    ],
    "position": 445,
    "tracking_payload": {
      "searchTrackingMasterId": "Product.10082056",
      "searchTrackingTitle": "Athentikos+gr%C5%A1ki+tip+jogurta",
      "searchTrackingPageSize": 100,
      "searchTrackingPage": 5,
      "searchTrackingEvent": "click",
      "list": "search",
      "searchTrackingId": "Product.10082056",
      "searchTrackingOrigPos": 1,
      "searchTrackingPos": 445,
      "searchTrackingOrigPageSize": 100,
      "searchTrackingChannel": "SI",
      "category": "Food"
    }
  },
  {
    "code": "10082060",
    "name": "Sončnično olje",
    "url": "",
    "result_class": "product",
    "type": "product",
    "product_id": 10082060,
    "erp_number": "10082060",
    "item_id": 10082060,
    "full_title": "ZVIJEZDA Sončnično olje",
    "title": "Sončnično olje",
    "category": "Food",
    "product_type": "RETAIL",
    "age_restriction": false,
    "is_used_product": false,
    "multipack": false,
    "online": false,
    "store": true,
    "quick_add_to_cart": false,
    "flash_sales": false,
    "having_videos": false,
    "having_threesixty": false,
    "price": 1.59,
    "old_price": 0.0,
    "currency_code": "EUR",
    "currency_symbol": "€",
    "has_star": true,
    "has_vat": false,
    "price_theme": "white_red",
    "variants_have_different_prices": false,
    "base_price_text": null,
    "base_price_prefix": null,
    "packaging_text": "1 l",
    "discount_deleted_price": null,
    "discount_text": "ZGRABITE PRILOŽNOST!",
    "discount_percentage": null,
    "discount_has_star": false,
    "show_discount": false,
    "show_percentage": false,
    "from_recommended_price": false,
    "availability_indicator": 0,
    "online_available": false,
    "min_orderable_quantity": 1,
    "orderable_quantities": [],
    "badge_texts": [
      "V trgovini od 03.07. do 09.07."
    ],
    "badge_types": [
      "IN_STORE_PAST_DATE_RANGE"
    ],
    "main_image": "https://imgproxy-retcat.assets.schwarz/9malvAsOgH_eCJpg-pl1s8ISrPkliyJ4r8ku_GlnH9g/sm:1/w:427/h:320/cz/M6Ly9wcm9kLWNhd/GFsb2ctbWVkaWEvc2kvMS8zMUREMzQ5NkFGN0NFQzFGQzYyN0JDQkU/3QUNCNjY5QzhGMzRBRUZCOTg2QzUxNEE0MEFGRjY1QTFEMTVGMjE2LmpwZw.jpg",
    "image_list": [
      "https://imgproxy-retcat.assets.schwarz/9malvAsOgH_eCJpg-pl1s8ISrPkliyJ4r8ku_GlnH9g/sm:1/w:427/h:320/cz/M6Ly9wcm9kLWNhd/GFsb2ctbWVkaWEvc2kvMS8zMUREMzQ5NkFGN0NFQzFGQzYyN0JDQkU/3QUNCNjY5QzhGMzRBRUZCOTg2QzUxNEE0MEFGRjY1QTFEMTVGMjE2LmpwZw.jpg"
    ],
    "image_accessibility": "Steklenica sončničnega olja Prima.",
    "detailed_images": [
      {
        "url": "https://imgproxy-retcat.assets.schwarz/9malvAsOgH_eCJpg-pl1s8ISrPkliyJ4r8ku_GlnH9g/sm:1/w:427/h:320/cz/M6Ly9wcm9kLWNhd/GFsb2ctbWVkaWEvc2kvMS8zMUREMzQ5NkFGN0NFQzFGQzYyN0JDQkU/3QUNCNjY5QzhGMzRBRUZCOTg2QzUxNEE0MEFGRjY1QTFEMTVGMjE2LmpwZw.jpg",
        "accessibility": "Steklenica sončničnega olja Prima."
      }
    ],
    "analytics_category": "Food",
    "more_details": "Dodatne podrobnosti o izdelku",
    "won_category_primary": "Svetovi potreb/Hrana in bližnja hrana/Maščobe, olja, kis in konzerve",
    "won_category_primary_path": "0/17/1735",
    "canonical_path": "/p/zvijezda-soncnicno-olje/p10082060",
    "canonical_url": "/p/zvijezda-soncnicno-olje/p10082060",
    "awards": [],
    "seals": [],
    "ribbons": [],
    "highlighted_seals": 0,
    "lidl_plus": [],
    "regions": [],
    "ians": [
      "6902243"
    ],
    "show_brand": true,
    "deal_of_day_active": false,
    "full_title_meta": "ZVIJEZDA Sončnično olje",
    "lists": [
      4986
    ],
    "preview": false,
    "category_breadcrumbs": [
      {
        "id": "10068374",
        "name": "Hrana in pijača",
        "url": "/c/hrana-in-pijaca/s10068374",
        "hidden": false
      },
      {
        "id": "10071681",
        "name": "Maščobe, olja, kis in konzerve",
        "url": "/h/mascobe-olja-kis-in-konzerve/h10071681",
        "hidden": false
      }
    ],
    "campaigns": [
      {
        "id": "Current_Sales_Week",
        "name": "Ta teden",
        "url": null,
        "hidden": false
      },
      {
        "id": "10074808",
        "name": "Tvoja Lidl cena",
        "url": "/c/tvoja-lidl-cena/a10074808",
        "hidden": false
      }
    ],
    "world_of_needs_code": "1735",
    "world_of_needs_name": "Maščobe, olja, kis in konzerve",
    "world_of_needs_parent": "17",
    "is_main_category": true,
    "super_categories": [
      {
        "code": "17",
        "name": "Hrana in bližnja hrana",
        "parent": "0"
      },
      {
        "code": "0",
        "name": "Svetovi potreb",
        "parent": ""
      }
    ],
    "position": 446,
    "tracking_payload": {
      "searchTrackingMasterId": "Product.10082060",
      "searchTrackingTitle": "Son%C4%8Dni%C4%8Dno+olje",
      "searchTrackingPageSize": 100,
      "searchTrackingPage": 5,
      "searchTrackingEvent": "click",
      "list": "search",
      "searchTrackingId": "Product.10082060",
      "searchTrackingOrigPos": 1,
      "searchTrackingPos": 446,
      "searchTrackingOrigPageSize": 100,
      "searchTrackingChannel": "SI",
      "category": "Food"
    }
  },
  {
    "code": "10082080",
    "name": "Rdeče vino Cabernet Sauvignon Gran Reserva",
    "url": "",
    "result_class": "product",
    "type": "product",
    "product_id": 10082080,
    "erp_number": "10082080",
    "item_id": 10082080,
    "full_title": "Rdeče vino Cabernet Sauvignon Gran Reserva",
    "title": "Rdeče vino Cabernet Sauvignon Gran Reserva",
    "category": "Food",
    "product_type": "RETAIL",
    "age_restriction": false,
    "is_used_product": false,
    "multipack": false,
    "online": false,
    "store": true,
    "quick_add_to_cart": false,
    "flash_sales": false,
    "having_videos": false,
    "having_threesixty": false,
    "price": 4.99,
    "old_price": 0.0,
    "currency_code": "EUR",
    "currency_symbol": "€",
    "has_star": true,
    "has_vat": false,
    "price_theme": "white_red",
    "variants_have_different_prices": false,
    "base_price_text": "1 l = 6.65",
    "base_price_prefix": false,
    "packaging_text": "0,75 l",
    "discount_deleted_price": null,
    "discount_text": "ZGRABITE PRILOŽNOST!",
    "discount_percentage": null,
    "discount_has_star": false,
    "show_discount": false,
    "show_percentage": false,
    "from_recommended_price": false,
    "availability_indicator": 0,
    "online_available": false,
    "min_orderable_quantity": 1,
    "orderable_quantities": [],
    "badge_texts": [
      "V trgovini od 03.07. do 09.07."
    ],
    "badge_types": [
      "IN_STORE_PAST_DATE_RANGE"
    ],
    "main_image": "https://imgproxy-retcat.assets.schwarz/ZHh_OvTcm6jrAIcuJzxwnOsrDnNw-YxE9CrrlvXPrdE/sm:1/w:427/h:320/cz/M6Ly9wcm9kLWNhd/GFsb2ctbWVkaWEvc2kvMS83MzI3MzY5NzcxMDJDQzNFQUZEQkZEMzB/GNkVDOEMwQjFBNUJCNTgzRDM5MDVGMDEwRUZEOTk3RTg3NEU2QzA1LmpwZw.jpg",
    "image_list": [
      "https://imgproxy-retcat.assets.schwarz/ZHh_OvTcm6jrAIcuJzxwnOsrDnNw-YxE9CrrlvXPrdE/sm:1/w:427/h:320/cz/M6Ly9wcm9kLWNhd/GFsb2ctbWVkaWEvc2kvMS83MzI3MzY5NzcxMDJDQzNFQUZEQkZEMzB/GNkVDOEMwQjFBNUJCNTgzRDM5MDVGMDEwRUZEOTk3RTg3NEU2QzA1LmpwZw.jpg"
    ],
    "image_accessibility": "Steklenica rdečega vina z barvitim dizajnom etikete.",
    "detailed_images": [
      {
        "url": "https://imgproxy-retcat.assets.schwarz/ZHh_OvTcm6jrAIcuJzxwnOsrDnNw-YxE9CrrlvXPrdE/sm:1/w:427/h:320/cz/M6Ly9wcm9kLWNhd/GFsb2ctbWVkaWEvc2kvMS83MzI3MzY5NzcxMDJDQzNFQUZEQkZEMzB/GNkVDOEMwQjFBNUJCNTgzRDM5MDVGMDEwRUZEOTk3RTg3NEU2QzA1LmpwZw.jpg",
        "accessibility": "Steklenica rdečega vina z barvitim dizajnom etikete."
      }
    ],
    "analytics_category": "Food",
    "more_details": "Dodatne podrobnosti o izdelku",
    "won_category_primary": "Svetovi potreb/Vino in žgane pijače/Vino/Rdeče vino",
    "won_category_primary_path": "0/10/1010/101011",
    "canonical_path": "/p/rdece-vino-cabernet-sauvignon-gran-reserva/p10082080",
    "canonical_url": "/p/rdece-vino-cabernet-sauvignon-gran-reserva/p10082080",
    "awards": [],
    "seals": [],
    "ribbons": [],
    "highlighted_seals": 0,
    "lidl_plus": [],
    "regions": [],
    "ians": [
      "22576"
    ],
    "show_brand": false,
    "deal_of_day_active": false,
    "full_title_meta": "Rdeče vino Cabernet Sauvignon Gran Reserva",
    "lists": [
      4986
    ],
    "preview": false,
    "category_breadcrumbs": [
      {
        "id": "10068374",
        "name": "Hrana in pijača",
        "url": "/c/hrana-in-pijaca/s10068374",
        "hidden": false
      },
      {
        "id": "10071687",
        "name": "Vina in žgane pijače",
        "url": "/h/vina-in-zgane-pijace/h10071687",
        "hidden": false
      }
    ],
    "campaigns": [
      {
        "id": "Current_Sales_Week",
        "name": "Ta teden",
        "url": null,
        "hidden": false
      },
      {
        "id": "10074808",
        "name": "Tvoja Lidl cena",
        "url": "/c/tvoja-lidl-cena/a10074808",
        "hidden": false
      }
    ],
    "world_of_needs_code": "101011",
    "world_of_needs_name": "Rdeče vino",
    "world_of_needs_parent": "1010",
    "is_main_category": true,
    "super_categories": [
      {
        "code": "1010",
        "name": "Vino",
        "parent": "10"
      },
      {
        "code": "10",
        "name": "Vino in žgane pijače",
        "parent": "0"
      },
      {
        "code": "0",
        "name": "Svetovi potreb",
        "parent": ""
      }
    ],
    "position": 447,
    "tracking_payload": {
      "searchTrackingMasterId": "Product.10082080",
      "searchTrackingTitle": "Rde%C4%8De+vino+Cabernet+Sauvignon+Gran+Reserva",
      "searchTrackingPageSize": 100,
      "searchTrackingPage": 5,
      "searchTrackingEvent": "click",
      "list": "search",
      "searchTrackingId": "Product.10082080",
      "searchTrackingOrigPos": 1,
      "searchTrackingPos": 447,
      "searchTrackingOrigPageSize": 100,
      "searchTrackingChannel": "SI",
      "category": "Food"
    }
  },
  {
    "code": "10082160",
    "name": "Mini lepinja",
    "url": "",
    "result_class": "product",
    "type": "product",
    "product_id": 10082160,
    "erp_number": "10082160",
    "item_id": 10082160,
    "full_title": "Mini lepinja",
    "title": "Mini lepinja",
    "category": "Food",
    "product_type": "RETAIL",
    "age_restriction": false,
    "is_used_product": false,
    "multipack": false,
    "online": false,
    "store": true,
    "quick_add_to_cart": false,
    "flash_sales": false,
    "having_videos": false,
    "having_threesixty": false,
    "price": 0.22,
    "old_price": 0.0,
    "currency_code": "EUR",
    "currency_symbol": "€",
    "has_star": true,
    "has_vat": false,
    "price_theme": "white_red",
    "variants_have_different_prices": false,
    "base_price_text": "1 kg = 2.75",
    "base_price_prefix": false,
    "packaging_text": "80 g",
    "discount_deleted_price": null,
    "discount_text": "ZGRABITE PRILOŽNOST!",
    "discount_percentage": null,
    "discount_has_star": false,
    "show_discount": false,
    "show_percentage": false,
    "from_recommended_price": false,
    "availability_indicator": 0,
    "online_available": false,
    "min_orderable_quantity": 1,
    "orderable_quantities": [],
    "badge_texts": [
      "V trgovini od 03.07. do 09.07."
    ],
    "badge_types": [
      "IN_STORE_PAST_DATE_RANGE"
    ],
    "main_image": "https://imgproxy-retcat.assets.schwarz/nAG_CJC4CVo5PK2AdcDWtE3LNOPeAIMDd8OIzsMz2DA/sm:1/w:427/h:320/cz/M6Ly9wcm9kLWNhd/GFsb2ctbWVkaWEvc2kvMS85Njc0MjlBRDVCMENERjJCMEQ3RTg2MDB/CNTYzMUJDRjJFQjQ1ODJCNTgyM0ZEQTE4QzY5RjZGNEZFRDBDOEQ3LmpwZw.jpg",
    "image_list": [
      "https://imgproxy-retcat.assets.schwarz/nAG_CJC4CVo5PK2AdcDWtE3LNOPeAIMDd8OIzsMz2DA/sm:1/w:427/h:320/cz/M6Ly9wcm9kLWNhd/GFsb2ctbWVkaWEvc2kvMS85Njc0MjlBRDVCMENERjJCMEQ3RTg2MDB/CNTYzMUJDRjJFQjQ1ODJCNTgyM0ZEQTE4QzY5RjZGNEZFRDBDOEQ3LmpwZw.jpg"
    ],
    "image_accessibility": "Košarica s tremi okroglimi pecivi, posutimi s sezamovimi semeni.",
    "detailed_images": [
      {
        "url": "https://imgproxy-retcat.assets.schwarz/nAG_CJC4CVo5PK2AdcDWtE3LNOPeAIMDd8OIzsMz2DA/sm:1/w:427/h:320/cz/M6Ly9wcm9kLWNhd/GFsb2ctbWVkaWEvc2kvMS85Njc0MjlBRDVCMENERjJCMEQ3RTg2MDB/CNTYzMUJDRjJFQjQ1ODJCNTgyM0ZEQTE4QzY5RjZGNEZFRDBDOEQ3LmpwZw.jpg",
        "accessibility": "Košarica s tremi okroglimi pecivi, posutimi s sezamovimi semeni."
      }
    ],
    "analytics_category": "Food",
    "more_details": "Dodatne podrobnosti o izdelku",
    "won_category_primary": "Svetovi potreb/Hrana in bližnja hrana/Drogerija - higiena, otroška hrana, kozmetika, čistila",
    "won_category_primary_path": "0/17/1723",
    "canonical_path": "/p/mini-lepinja/p10082160",
    "canonical_url": "/p/mini-lepinja/p10082160",
    "awards": [],
    "seals": [],
    "ribbons": [],
    "highlighted_seals": 0,
    "lidl_plus": [],
    "regions": [],
    "ians": [
      "6902753"
    ],
    "show_brand": false,
    "deal_of_day_active": false,
    "full_title_meta": "Mini lepinja",
    "lists": [
      4986
    ],
    "preview": false,
    "category_breadcrumbs": [
      {
        "id": "10068374",
        "name": "Hrana in pijača",
        "url": "/c/hrana-in-pijaca/s10068374",
        "hidden": false
      },
      {
        "id": "10071019",
        "name": "Osebna nega",
        "url": "/h/osebna-nega/h10071019",
        "hidden": false
      }
    ],
    "campaigns": [
      {
        "id": "Current_Sales_Week",
        "name": "Ta teden",
        "url": null,
        "hidden": false
      },
      {
        "id": "10074808",
        "name": "Tvoja Lidl cena",
        "url": "/c/tvoja-lidl-cena/a10074808",
        "hidden": false
      }
    ],
    "world_of_needs_code": "1723",
    "world_of_needs_name": "Drogerija - higiena, otroška hrana, kozmetika, čistila",
    "world_of_needs_parent": "17",
    "is_main_category": true,
    "super_categories": [
      {
        "code": "17",
        "name": "Hrana in bližnja hrana",
        "parent": "0"
      },
      {
        "code": "0",
        "name": "Svetovi potreb",
        "parent": ""
      }
    ],
    "position": 448,
    "tracking_payload": {
      "searchTrackingMasterId": "Product.10082160",
      "searchTrackingTitle": "Mini+lepinja",
      "searchTrackingPageSize": 100,
      "searchTrackingPage": 5,
      "searchTrackingEvent": "click",
      "list": "search",
      "searchTrackingId": "Product.10082160",
      "searchTrackingOrigPos": 1,
      "searchTrackingPos": 448,
      "searchTrackingOrigPageSize": 100,
      "searchTrackingChannel": "SI",
      "category": "Food"
    }
  },
  {
    "code": "10082068",
    "name": "Sadni sok",
    "url": "",
    "result_class": "product",
    "type": "product",
    "product_id": 10082068,
    "erp_number": "10082068",
    "item_id": 10082068,
    "full_title": "HOHES C Sadni sok",
    "title": "Sadni sok",
    "category": "Food",
    "product_type": "RETAIL",
    "age_restriction": false,
    "is_used_product": false,
    "multipack": false,
    "online": false,
    "store": true,
    "quick_add_to_cart": false,
    "flash_sales": false,
    "having_videos": false,
    "having_threesixty": false,
    "price": 2.69,
    "old_price": 0.0,
    "currency_code": "EUR",
    "currency_symbol": "€",
    "has_star": true,
    "has_vat": false,
    "price_theme": "white_red",
    "variants_have_different_prices": false,
    "base_price_text": null,
    "base_price_prefix": null,
    "packaging_text": "1 l",
    "discount_deleted_price": null,
    "discount_text": "ZGRABITE PRILOŽNOST!",
    "discount_percentage": null,
    "discount_has_star": false,
    "show_discount": false,
    "show_percentage": false,
    "from_recommended_price": false,
    "availability_indicator": 0,
    "online_available": false,
    "min_orderable_quantity": 1,
    "orderable_quantities": [],
    "badge_texts": [
      "V trgovini od 03.07. do 09.07."
    ],
    "badge_types": [
      "IN_STORE_PAST_DATE_RANGE"
    ],
    "main_image": "https://imgproxy-retcat.assets.schwarz/vOWe3NYKArsqEFvLBxsGVwepmqcW2LBuH_c5kT71K-o/sm:1/w:427/h:320/cz/M6Ly9wcm9kLWNhd/GFsb2ctbWVkaWEvc2kvMS9FMDFDMjEwNzNBMzIyNkI0MDdBM0YzREI/xNzgwRTAyRjZBODBGNjAyNkExRjBGMjY0NEFCQUU1MEFGMzA1Q0FGLmpwZw.jpg",
    "image_list": [
      "https://imgproxy-retcat.assets.schwarz/vOWe3NYKArsqEFvLBxsGVwepmqcW2LBuH_c5kT71K-o/sm:1/w:427/h:320/cz/M6Ly9wcm9kLWNhd/GFsb2ctbWVkaWEvc2kvMS9FMDFDMjEwNzNBMzIyNkI0MDdBM0YzREI/xNzgwRTAyRjZBODBGNjAyNkExRjBGMjY0NEFCQUU1MEFGMzA1Q0FGLmpwZw.jpg",
      "https://imgproxy-retcat.assets.schwarz/85wPu9f-48Flneoqg8q_YDZbEsPVv2NDAKCtbOWGbf0/sm:1/w:427/h:320/cz/M6Ly9wcm9kLWNhd/GFsb2ctbWVkaWEvc2kvMS8xMzU3NUYwMTJDRTA3RDlEMUY4MkU1MTJ/CQTk5NTNEOEFGQzZGRjQ4ODVFMkY2MThERjQxQUZBRjNBRkMwNzE0LmpwZw.jpg",
      "https://imgproxy-retcat.assets.schwarz/vj-B62J7Vo9nFJZrB1oeTZGUA2MFL0_do7CWImGbfoI/sm:1/w:427/h:320/cz/M6Ly9wcm9kLWNhd/GFsb2ctbWVkaWEvc2kvMS9GNERBQjZBRkZFMEY0ODlFMDVCREQ1RTV/BMzY0MUFCQzhEMDc3RkNDOTRFNkVDNDhFMzMyRkMzRTdBQUQ5NTc5LmpwZw.jpg"
    ],
    "image_accessibility": "Dve steklenici soka Mother's Choice, breskov in granatnega jabolka.",
    "detailed_images": [
      {
        "url": "https://imgproxy-retcat.assets.schwarz/vOWe3NYKArsqEFvLBxsGVwepmqcW2LBuH_c5kT71K-o/sm:1/w:427/h:320/cz/M6Ly9wcm9kLWNhd/GFsb2ctbWVkaWEvc2kvMS9FMDFDMjEwNzNBMzIyNkI0MDdBM0YzREI/xNzgwRTAyRjZBODBGNjAyNkExRjBGMjY0NEFCQUU1MEFGMzA1Q0FGLmpwZw.jpg",
        "accessibility": "Dve steklenici soka Mother's Choice, breskov in granatnega jabolka."
      },
      {
        "url": "https://imgproxy-retcat.assets.schwarz/85wPu9f-48Flneoqg8q_YDZbEsPVv2NDAKCtbOWGbf0/sm:1/w:427/h:320/cz/M6Ly9wcm9kLWNhd/GFsb2ctbWVkaWEvc2kvMS8xMzU3NUYwMTJDRTA3RDlEMUY4MkU1MTJ/CQTk5NTNEOEFGQzZGRjQ4ODVFMkY2MThERjQxQUZBRjNBRkMwNzE0LmpwZw.jpg",
        "accessibility": "Steklenica soka Tropicana C z okusom guava."
      },
      {
        "url": "https://imgproxy-retcat.assets.schwarz/vj-B62J7Vo9nFJZrB1oeTZGUA2MFL0_do7CWImGbfoI/sm:1/w:427/h:320/cz/M6Ly9wcm9kLWNhd/GFsb2ctbWVkaWEvc2kvMS9GNERBQjZBRkZFMEY0ODlFMDVCREQ1RTV/BMzY0MUFCQzhEMDc3RkNDOTRFNkVDNDhFMzMyRkMzRTdBQUQ5NTc5LmpwZw.jpg",
        "accessibility": "Steklenica soka Hohens C Plus z okusom marelice."
      }
    ],
    "analytics_category": "Food",
    "more_details": "Dodatne podrobnosti o izdelku",
    "won_category_primary": "Svetovi potreb/Hrana in bližnja hrana/Pijače",
    "won_category_primary_path": "0/17/1720",
    "canonical_path": "/p/hohes-c-sadni-sok/p10082068",
    "canonical_url": "/p/hohes-c-sadni-sok/p10082068",
    "awards": [],
    "seals": [],
    "ribbons": [],
    "highlighted_seals": 0,
    "lidl_plus": [],
    "regions": [],
    "ians": [
      "7308214"
    ],
    "show_brand": true,
    "deal_of_day_active": false,
    "full_title_meta": "HOHES C Sadni sok",
    "lists": [
      4986
    ],
    "preview": false,
    "category_breadcrumbs": [
      {
        "id": "10068374",
        "name": "Hrana in pijača",
        "url": "/c/hrana-in-pijaca/s10068374",
        "hidden": false
      },
      {
        "id": "10071022",
        "name": "Pijače",
        "url": "/h/pijace/h10071022",
        "hidden": false
      }
    ],
    "campaigns": [
      {
        "id": "Current_Sales_Week",
        "name": "Ta teden",
        "url": null,
        "hidden": false
      },
      {
        "id": "10074808",
        "name": "Tvoja Lidl cena",
        "url": "/c/tvoja-lidl-cena/a10074808",
        "hidden": false
      }
    ],
    "world_of_needs_code": "1720",
    "world_of_needs_name": "Pijače",
    "world_of_needs_parent": "17",
    "is_main_category": true,
    "super_categories": [
      {
        "code": "17",
        "name": "Hrana in bližnja hrana",
        "parent": "0"
      },
      {
        "code": "0",
        "name": "Svetovi potreb",
        "parent": ""
      }
    ],
    "position": 449,
    "tracking_payload": {
      "searchTrackingMasterId": "Product.10082068",
      "searchTrackingTitle": "Sadni+sok",
      "searchTrackingPageSize": 100,
      "searchTrackingPage": 5,
      "searchTrackingEvent": "click",
      "list": "search",
      "searchTrackingId": "Product.10082068",
      "searchTrackingOrigPos": 1,
      "searchTrackingPos": 449,
      "searchTrackingOrigPageSize": 100,
      "searchTrackingChannel": "SI",
      "category": "Food"
    }
  },
  {
    "code": "10082076",
    "name": "Čokoladni vafelj Duplo",
    "url": "",
    "result_class": "product",
    "type": "product",
    "product_id": 10082076,
    "erp_number": "10082076",
    "item_id": 10082076,
    "full_title": "FERRERO Čokoladni vafelj Duplo",
    "title": "Čokoladni vafelj Duplo",
    "category": "Food",
    "product_type": "RETAIL",
    "age_restriction": false,
    "is_used_product": false,
    "multipack": false,
    "online": false,
    "store": true,
    "quick_add_to_cart": false,
    "flash_sales": false,
    "having_videos": false,
    "having_threesixty": false,
    "price": 3.99,
    "old_price": 0.0,
    "currency_code": "EUR",
    "currency_symbol": "€",
    "has_star": true,
    "has_vat": false,
    "price_theme": "white_red",
    "variants_have_different_prices": false,
    "base_price_text": "1 kg = 19.95",
    "base_price_prefix": false,
    "packaging_text": "200 g",
    "discount_deleted_price": null,
    "discount_text": "ZGRABITE PRILOŽNOST!",
    "discount_percentage": null,
    "discount_has_star": false,
    "show_discount": false,
    "show_percentage": false,
    "from_recommended_price": false,
    "availability_indicator": 0,
    "online_available": false,
    "min_orderable_quantity": 1,
    "orderable_quantities": [],
    "badge_texts": [
      "V trgovini od 03.07. do 09.07."
    ],
    "badge_types": [
      "IN_STORE_PAST_DATE_RANGE"
    ],
    "main_image": "https://imgproxy-retcat.assets.schwarz/8B8162dcXoYOrH0c3Ae_M-v65j6FJcNLDUvEfzYnjao/sm:1/w:427/h:320/cz/M6Ly9wcm9kLWNhd/GFsb2ctbWVkaWEvc2kvMS82MTg3MzYyMDAzQzc5MDc0REYwRDcyMUY/wMjRBMjIwRjUxRDU4NDYyNTk3RUZGOEY0NDhERUM2RjUzMENBNEQ5LmpwZw.jpg",
    "image_list": [
      "https://imgproxy-retcat.assets.schwarz/8B8162dcXoYOrH0c3Ae_M-v65j6FJcNLDUvEfzYnjao/sm:1/w:427/h:320/cz/M6Ly9wcm9kLWNhd/GFsb2ctbWVkaWEvc2kvMS82MTg3MzYyMDAzQzc5MDc0REYwRDcyMUY/wMjRBMjIwRjUxRDU4NDYyNTk3RUZGOEY0NDhERUM2RjUzMENBNEQ5LmpwZw.jpg"
    ],
    "image_accessibility": "Embalaža Duplo vafljev z lešniki, akcija +1 gratis.",
    "detailed_images": [
      {
        "url": "https://imgproxy-retcat.assets.schwarz/8B8162dcXoYOrH0c3Ae_M-v65j6FJcNLDUvEfzYnjao/sm:1/w:427/h:320/cz/M6Ly9wcm9kLWNhd/GFsb2ctbWVkaWEvc2kvMS82MTg3MzYyMDAzQzc5MDc0REYwRDcyMUY/wMjRBMjIwRjUxRDU4NDYyNTk3RUZGOEY0NDhERUM2RjUzMENBNEQ5LmpwZw.jpg",
        "accessibility": "Embalaža Duplo vafljev z lešniki, akcija +1 gratis."
      }
    ],
    "analytics_category": "Food",
    "more_details": "Dodatne podrobnosti o izdelku",
    "won_category_primary": "Svetovi potreb/Hrana in bližnja hrana/Prigrizki in slaščice",
    "won_category_primary_path": "0/17/1721",
    "canonical_path": "/p/ferrero-cokoladni-vafelj-duplo/p10082076",
    "canonical_url": "/p/ferrero-cokoladni-vafelj-duplo/p10082076",
    "awards": [],
    "seals": [],
    "ribbons": [],
    "highlighted_seals": 0,
    "lidl_plus": [],
    "regions": [],
    "ians": [
      "205852"
    ],
    "show_brand": true,
    "deal_of_day_active": false,
    "full_title_meta": "FERRERO Čokoladni vafelj Duplo",
    "lists": [
      4986
    ],
    "preview": false,
    "category_breadcrumbs": [
      {
        "id": "10068374",
        "name": "Hrana in pijača",
        "url": "/c/hrana-in-pijaca/s10068374",
        "hidden": false
      },
      {
        "id": "10071044",
        "name": "Prigrizki in sladkarije",
        "url": "/h/prigrizki-in-sladkarije/h10071044",
        "hidden": false
      }
    ],
    "campaigns": [
      {
        "id": "Current_Sales_Week",
        "name": "Ta teden",
        "url": null,
        "hidden": false
      },
      {
        "id": "10074808",
        "name": "Tvoja Lidl cena",
        "url": "/c/tvoja-lidl-cena/a10074808",
        "hidden": false
      }
    ],
    "world_of_needs_code": "1721",
    "world_of_needs_name": "Prigrizki in slaščice",
    "world_of_needs_parent": "17",
    "is_main_category": true,
    "super_categories": [
      {
        "code": "17",
        "name": "Hrana in bližnja hrana",
        "parent": "0"
      },
      {
        "code": "0",
        "name": "Svetovi potreb",
        "parent": ""
      }
    ],
    "position": 450,
    "tracking_payload": {
      "searchTrackingMasterId": "Product.10082076",
      "searchTrackingTitle": "%C4%8Cokoladni+vafelj+Duplo",
      "searchTrackingPageSize": 100,
      "searchTrackingPage": 5,
      "searchTrackingEvent": "click",
      "list": "search",
      "searchTrackingId": "Product.10082076",
      "searchTrackingOrigPos": 1,
      "searchTrackingPos": 450,
      "searchTrackingOrigPageSize": 100,
      "searchTrackingChannel": "SI",
      "category": "Food"
    }
  },
  {
    "code": "10082205",
    "name": "Pomarančni sok",
    "url": "",
    "result_class": "product",
    "type": "product",
    "product_id": 10082205,
    "erp_number": "10082205",
    "item_id": 10082205,
    "full_title": "SOLEVITA Pomarančni sok",
    "title": "Pomarančni sok",
    "category": "Food",
    "product_type": "RETAIL",
    "age_restriction": false,
    "is_used_product": false,
    "multipack": false,
    "online": false,
    "store": true,
    "quick_add_to_cart": false,
    "flash_sales": false,
    "having_videos": false,
    "having_threesixty": false,
    "price": null,
    "old_price": null,
    "currency_code": "EUR",
    "currency_symbol": "€",
    "has_star": true,
    "has_vat": false,
    "price_theme": null,
    "variants_have_different_prices": false,
    "base_price_text": null,
    "base_price_prefix": null,
    "packaging_text": null,
    "discount_deleted_price": null,
    "discount_text": null,
    "discount_percentage": null,
    "discount_has_star": null,
    "show_discount": null,
    "show_percentage": null,
    "from_recommended_price": null,
    "availability_indicator": 0,
    "online_available": false,
    "min_orderable_quantity": 1,
    "orderable_quantities": [],
    "badge_texts": [
      "V trgovini od 03.07. do 09.07."
    ],
    "badge_types": [
      "IN_STORE_PAST_DATE_RANGE"
    ],
    "main_image": "https://imgproxy-retcat.assets.schwarz/q9mGTWrlkw6E1B3pnvEBGHast21iK16QYaaGsMnzUbo/sm:1/w:427/h:320/cz/M6Ly9wcm9kLWNhd/GFsb2ctbWVkaWEvc2kvMS84NkJCNUE1ODU5RUM5MzAyM0Y3Qzg4N0Y/2Njg5M0Q2MDA5OUJDQkYyNENBMDBDQzlCOEQ1RDFGMDU2MEI1OTM4LmpwZw.jpg",
    "image_list": [
      "https://imgproxy-retcat.assets.schwarz/q9mGTWrlkw6E1B3pnvEBGHast21iK16QYaaGsMnzUbo/sm:1/w:427/h:320/cz/M6Ly9wcm9kLWNhd/GFsb2ctbWVkaWEvc2kvMS84NkJCNUE1ODU5RUM5MzAyM0Y3Qzg4N0Y/2Njg5M0Q2MDA5OUJDQkYyNENBMDBDQzlCOEQ1RDFGMDU2MEI1OTM4LmpwZw.jpg",
      "https://imgproxy-retcat.assets.schwarz/VyM_dyK1ysgYXlVHbXSlBt3MivaiY1nhubHo4v2e_s0/sm:1/w:427/h:320/cz/M6Ly9wcm9kLWNhd/GFsb2ctbWVkaWEvc2kvMS81Q0JCNzREMkUzQTdGQ0E5NDUwMzM0Njc/0MDI1NDRCODhDN0JDREQ3QTY1ODc0MUU2QjQ2RjlBNUVEQ0ZBQzRDLmpwZw.jpg"
    ],
    "image_accessibility": "Lidl-ov sok odličnega okusa s pomarančami.",
    "detailed_images": [
      {
        "url": "https://imgproxy-retcat.assets.schwarz/q9mGTWrlkw6E1B3pnvEBGHast21iK16QYaaGsMnzUbo/sm:1/w:427/h:320/cz/M6Ly9wcm9kLWNhd/GFsb2ctbWVkaWEvc2kvMS84NkJCNUE1ODU5RUM5MzAyM0Y3Qzg4N0Y/2Njg5M0Q2MDA5OUJDQkYyNENBMDBDQzlCOEQ1RDFGMDU2MEI1OTM4LmpwZw.jpg",
        "accessibility": "Lidl-ov sok odličnega okusa s pomarančami."
      },
      {
        "url": "https://imgproxy-retcat.assets.schwarz/VyM_dyK1ysgYXlVHbXSlBt3MivaiY1nhubHo4v2e_s0/sm:1/w:427/h:320/cz/M6Ly9wcm9kLWNhd/GFsb2ctbWVkaWEvc2kvMS81Q0JCNzREMkUzQTdGQ0E5NDUwMzM0Njc/0MDI1NDRCODhDN0JDREQ3QTY1ODc0MUU2QjQ2RjlBNUVEQ0ZBQzRDLmpwZw.jpg",
        "accessibility": "Embalaža soka Jafre z oranžami."
      }
    ],
    "analytics_category": "Food",
    "more_details": "Dodatne podrobnosti o izdelku",
    "won_category_primary": "Svetovi potreb/Hrana in bližnja hrana/Pijače",
    "won_category_primary_path": "0/17/1720",
    "canonical_path": "/p/solevita-pomarancni-sok/p10082205",
    "canonical_url": "/p/solevita-pomarancni-sok/p10082205",
    "awards": [],
    "seals": [
      {
        "altText": "Logotip Lidl Plus",
        "image": "https://imgproxy-retcat.assets.schwarz/DjNLhjIEpHeUFO-WYf3wploAS16YAf6tVgt5EMshyFs/sm:1/w:140/cz/M6Ly9wcm9kLWNhd/GFsb2ctbWVkaWEvc2kvMi9BMEU2QkJCNEZCQTZENzlEQ0MzRDRFOEM/2REREODBCRjMwQUNFQjJBMDBGREI4RjI1M0Y3MDYzOTFFMTg3RUVGLnBuZw.png"
      }
    ],
    "ribbons": [],
    "highlighted_seals": 0,
    "lidl_plus": [
      {
        "price": {
          "discount": {
            "deletedPrice": 1.99,
            "discountHasStar": false,
            "discountText": "- 30 %",
            "fromRecommendedPrice": false,
            "showDiscount": true,
            "showFrom": false,
            "showPercentage": true,
            "showUpTo": false
          },
          "displayedCurrency": "€",
          "hasStar": true,
          "hasVat": false,
          "oldPrice": 1.99,
          "packaging": {
            "text": "1 l"
          },
          "price": 1.39,
          "priceTheme": "red_yellow",
          "specialTaxes": []
        },
        "lidlPlusText": "z Lidl Plus",
        "highlightText": "- 30 %"
      }
    ],
    "regions": [],
    "ians": [
      "5503815"
    ],
    "show_brand": true,
    "deal_of_day_active": false,
    "full_title_meta": "SOLEVITA Pomarančni sok",
    "lists": [
      4986
    ],
    "preview": false,
    "category_breadcrumbs": [
      {
        "id": "10068374",
        "name": "Hrana in pijača",
        "url": "/c/hrana-in-pijaca/s10068374",
        "hidden": false
      },
      {
        "id": "10071022",
        "name": "Pijače",
        "url": "/h/pijace/h10071022",
        "hidden": false
      }
    ],
    "campaigns": [
      {
        "id": "Current_Sales_Week",
        "name": "Ta teden",
        "url": null,
        "hidden": false
      },
      {
        "id": "10024188",
        "name": "Lidl Plus",
        "url": "/c/lidl-plus/a10024188",
        "hidden": false
      }
    ],
    "world_of_needs_code": "1720",
    "world_of_needs_name": "Pijače",
    "world_of_needs_parent": "17",
    "is_main_category": true,
    "super_categories": [
      {
        "code": "17",
        "name": "Hrana in bližnja hrana",
        "parent": "0"
      },
      {
        "code": "0",
        "name": "Svetovi potreb",
        "parent": ""
      }
    ],
    "position": 451,
    "tracking_payload": {
      "searchTrackingMasterId": "Product.10082205",
      "searchTrackingTitle": "Pomaran%C4%8Dni+sok",
      "searchTrackingPageSize": 100,
      "searchTrackingPage": 5,
      "searchTrackingEvent": "click",
      "list": "search",
      "searchTrackingId": "Product.10082205",
      "searchTrackingOrigPos": 1,
      "searchTrackingPos": 451,
      "searchTrackingOrigPageSize": 100,
      "searchTrackingChannel": "SI",
      "category": "Food"
    }
  },
  {
    "code": "10082161",
    "name": "Štručka s hrenovko",
    "url": "",
    "result_class": "product",
    "type": "product",
    "product_id": 10082161,
    "erp_number": "10082161",
    "item_id": 10082161,
    "full_title": "Štručka s hrenovko",
    "title": "Štručka s hrenovko",
    "category": "Food",
    "product_type": "RETAIL",
    "age_restriction": false,
    "is_used_product": false,
    "multipack": false,
    "online": false,
    "store": true,
    "quick_add_to_cart": false,
    "flash_sales": false,
    "having_videos": false,
    "having_threesixty": false,
    "price": null,
    "old_price": null,
    "currency_code": "EUR",
    "currency_symbol": "€",
    "has_star": true,
    "has_vat": false,
    "price_theme": null,
    "variants_have_different_prices": false,
    "base_price_text": null,
    "base_price_prefix": null,
    "packaging_text": null,
    "discount_deleted_price": null,
    "discount_text": null,
    "discount_percentage": null,
    "discount_has_star": null,
    "show_discount": null,
    "show_percentage": null,
    "from_recommended_price": null,
    "availability_indicator": 0,
    "online_available": false,
    "min_orderable_quantity": 1,
    "orderable_quantities": [],
    "badge_texts": [
      "V trgovini od 03.07. do 09.07."
    ],
    "badge_types": [
      "IN_STORE_PAST_DATE_RANGE"
    ],
    "main_image": "https://imgproxy-retcat.assets.schwarz/EBjOpwtFiMR8wjSwrq3fg_ZySKsi3qs223s7RjGK_ZE/sm:1/w:427/h:320/cz/M6Ly9wcm9kLWNhd/GFsb2ctbWVkaWEvc2kvMS9CREJFMDY1RDQxRDRCNjQ0RTIwOEYwRTg/5MEM2RTNGQjYwOUFCNjFERDRDMjU5NTVDMUFEQTZFMTU1QTAzMjFDLmpwZw.jpg",
    "image_list": [
      "https://imgproxy-retcat.assets.schwarz/EBjOpwtFiMR8wjSwrq3fg_ZySKsi3qs223s7RjGK_ZE/sm:1/w:427/h:320/cz/M6Ly9wcm9kLWNhd/GFsb2ctbWVkaWEvc2kvMS9CREJFMDY1RDQxRDRCNjQ0RTIwOEYwRTg/5MEM2RTNGQjYwOUFCNjFERDRDMjU5NTVDMUFEQTZFMTU1QTAzMjFDLmpwZw.jpg"
    ],
    "image_accessibility": "Trije pecivovi zlati štručki na platneni podlagi.",
    "detailed_images": [
      {
        "url": "https://imgproxy-retcat.assets.schwarz/EBjOpwtFiMR8wjSwrq3fg_ZySKsi3qs223s7RjGK_ZE/sm:1/w:427/h:320/cz/M6Ly9wcm9kLWNhd/GFsb2ctbWVkaWEvc2kvMS9CREJFMDY1RDQxRDRCNjQ0RTIwOEYwRTg/5MEM2RTNGQjYwOUFCNjFERDRDMjU5NTVDMUFEQTZFMTU1QTAzMjFDLmpwZw.jpg",
        "accessibility": "Trije pecivovi zlati štručki na platneni podlagi."
      }
    ],
    "analytics_category": "Food",
    "more_details": "Dodatne podrobnosti o izdelku",
    "won_category_primary": "Svetovi potreb/Hrana in bližnja hrana/Kruh in pekovsko pecivo",
    "won_category_primary_path": "0/17/1713",
    "canonical_path": "/p/strucka-s-hrenovko/p10082161",
    "canonical_url": "/p/strucka-s-hrenovko/p10082161",
    "awards": [],
    "seals": [
      {
        "altText": "Logotip Lidl Plus",
        "image": "https://imgproxy-retcat.assets.schwarz/DjNLhjIEpHeUFO-WYf3wploAS16YAf6tVgt5EMshyFs/sm:1/w:140/cz/M6Ly9wcm9kLWNhd/GFsb2ctbWVkaWEvc2kvMi9BMEU2QkJCNEZCQTZENzlEQ0MzRDRFOEM/2REREODBCRjMwQUNFQjJBMDBGREI4RjI1M0Y3MDYzOTFFMTg3RUVGLnBuZw.png"
      }
    ],
    "ribbons": [],
    "highlighted_seals": 0,
    "lidl_plus": [
      {
        "price": {
          "basePrice": {
            "prefix": false,
            "text": "1 kg = 5.50"
          },
          "discount": {
            "deletedPrice": 0.79,
            "discountHasStar": false,
            "discountText": "- 30 %",
            "fromRecommendedPrice": false,
            "showDiscount": true,
            "showFrom": false,
            "showPercentage": true,
            "showUpTo": false
          },
          "displayedCurrency": "€",
          "hasStar": true,
          "hasVat": false,
          "oldPrice": 0.79,
          "packaging": {
            "text": "100 g"
          },
          "price": 0.55,
          "priceTheme": "red_yellow",
          "specialTaxes": []
        },
        "lidlPlusText": "z Lidl Plus",
        "highlightText": "- 30 %"
      }
    ],
    "regions": [],
    "ians": [
      "120952"
    ],
    "show_brand": false,
    "deal_of_day_active": false,
    "full_title_meta": "Štručka s hrenovko",
    "lists": [
      4986
    ],
    "preview": false,
    "category_breadcrumbs": [
      {
        "id": "10068374",
        "name": "Hrana in pijača",
        "url": "/c/hrana-in-pijaca/s10068374",
        "hidden": false
      },
      {
        "id": "10071015",
        "name": "Kruh in pekovski izdelki",
        "url": "/h/kruh-in-pekovski-izdelki/h10071015",
        "hidden": false
      }
    ],
    "campaigns": [
      {
        "id": "Current_Sales_Week",
        "name": "Ta teden",
        "url": null,
        "hidden": false
      },
      {
        "id": "10024188",
        "name": "Lidl Plus",
        "url": "/c/lidl-plus/a10024188",
        "hidden": false
      }
    ],
    "world_of_needs_code": "1713",
    "world_of_needs_name": "Kruh in pekovsko pecivo",
    "world_of_needs_parent": "17",
    "is_main_category": true,
    "super_categories": [
      {
        "code": "17",
        "name": "Hrana in bližnja hrana",
        "parent": "0"
      },
      {
        "code": "0",
        "name": "Svetovi potreb",
        "parent": ""
      }
    ],
    "position": 452,
    "tracking_payload": {
      "searchTrackingMasterId": "Product.10082161",
      "searchTrackingTitle": "%C5%A0tru%C4%8Dka+s+hrenovko",
      "searchTrackingPageSize": 100,
      "searchTrackingPage": 5,
      "searchTrackingEvent": "click",
      "list": "search",
      "searchTrackingId": "Product.10082161",
      "searchTrackingOrigPos": 1,
      "searchTrackingPos": 452,
      "searchTrackingOrigPageSize": 100,
      "searchTrackingChannel": "SI",
      "category": "Food"
    }
  },
  {
    "code": "10082201",
    "name": "Tekoči detergent",
    "url": "",
    "result_class": "product",
    "type": "product",
    "product_id": 10082201,
    "erp_number": "10082201",
    "item_id": 10082201,
    "full_title": "PERSIL Tekoči detergent",
    "title": "Tekoči detergent",
    "category": "Food",
    "product_type": "RETAIL",
    "age_restriction": false,
    "is_used_product": false,
    "multipack": false,
    "online": false,
    "store": true,
    "quick_add_to_cart": false,
    "flash_sales": false,
    "having_videos": false,
    "having_threesixty": false,
    "price": 16.99,
    "old_price": 0.0,
    "currency_code": "EUR",
    "currency_symbol": "€",
    "has_star": true,
    "has_vat": false,
    "price_theme": "white_red",
    "variants_have_different_prices": false,
    "base_price_text": "1 l = 6.86",
    "base_price_prefix": false,
    "packaging_text": "2,475 l",
    "discount_deleted_price": null,
    "discount_text": "55 PRANJ",
    "discount_percentage": null,
    "discount_has_star": false,
    "show_discount": false,
    "show_percentage": false,
    "from_recommended_price": false,
    "availability_indicator": 0,
    "online_available": false,
    "min_orderable_quantity": 1,
    "orderable_quantities": [],
    "badge_texts": [
      "V trgovini od 03.07."
    ],
    "badge_types": [
      "IN_STORE_FROM_DATE_PAST"
    ],
    "main_image": "https://imgproxy-retcat.assets.schwarz/WU8_l0k42xcKxJWYDYeP0SuJ8A7SJcsAGoRhkJsf07E/sm:1/w:427/h:320/cz/M6Ly9wcm9kLWNhd/GFsb2ctbWVkaWEvc2kvMS8xNDYxMzRFNDRFNzg4MUY1RDc0QjVGNER/GRjk2OUZBRDA0MERBRTZENDIwMzE5MDY4NEIxMkQ3RDA0Mzg1M0FELmpwZw.jpg",
    "image_list": [
      "https://imgproxy-retcat.assets.schwarz/WU8_l0k42xcKxJWYDYeP0SuJ8A7SJcsAGoRhkJsf07E/sm:1/w:427/h:320/cz/M6Ly9wcm9kLWNhd/GFsb2ctbWVkaWEvc2kvMS8xNDYxMzRFNDRFNzg4MUY1RDc0QjVGNER/GRjk2OUZBRDA0MERBRTZENDIwMzE5MDY4NEIxMkQ3RDA0Mzg1M0FELmpwZw.jpg"
    ],
    "image_accessibility": "Steklenica Persil tekočega pralnega praška.",
    "detailed_images": [
      {
        "url": "https://imgproxy-retcat.assets.schwarz/WU8_l0k42xcKxJWYDYeP0SuJ8A7SJcsAGoRhkJsf07E/sm:1/w:427/h:320/cz/M6Ly9wcm9kLWNhd/GFsb2ctbWVkaWEvc2kvMS8xNDYxMzRFNDRFNzg4MUY1RDc0QjVGNER/GRjk2OUZBRDA0MERBRTZENDIwMzE5MDY4NEIxMkQ3RDA0Mzg1M0FELmpwZw.jpg",
        "accessibility": "Steklenica Persil tekočega pralnega praška."
      }
    ],
    "analytics_category": "Food",
    "more_details": "Dodatne podrobnosti o izdelku",
    "won_category_primary": "Svetovi potreb/Hrana in bližnja hrana/Drogerija - higiena, otroška hrana, kozmetika, čistila",
    "won_category_primary_path": "0/17/1723",
    "canonical_path": "/p/persil-tekoci-detergent/p10082201",
    "canonical_url": "/p/persil-tekoci-detergent/p10082201",
    "awards": [],
    "seals": [],
    "ribbons": [],
    "highlighted_seals": 0,
    "lidl_plus": [],
    "regions": [],
    "ians": [
      "216279"
    ],
    "show_brand": true,
    "deal_of_day_active": false,
    "full_title_meta": "PERSIL Tekoči detergent",
    "lists": [
      4986
    ],
    "preview": false,
    "category_breadcrumbs": [
      {
        "id": "10068374",
        "name": "Hrana in pijača",
        "url": "/c/hrana-in-pijaca/s10068374",
        "hidden": false
      },
      {
        "id": "10071019",
        "name": "Osebna nega",
        "url": "/h/osebna-nega/h10071019",
        "hidden": false
      }
    ],
    "campaigns": [
      {
        "id": "Current_Sales_Week",
        "name": "Ta teden",
        "url": null,
        "hidden": false
      },
      {
        "id": "10074808",
        "name": "Tvoja Lidl cena",
        "url": "/c/tvoja-lidl-cena/a10074808",
        "hidden": false
      }
    ],
    "world_of_needs_code": "1723",
    "world_of_needs_name": "Drogerija - higiena, otroška hrana, kozmetika, čistila",
    "world_of_needs_parent": "17",
    "is_main_category": true,
    "super_categories": [
      {
        "code": "17",
        "name": "Hrana in bližnja hrana",
        "parent": "0"
      },
      {
        "code": "0",
        "name": "Svetovi potreb",
        "parent": ""
      }
    ],
    "position": 453,
    "tracking_payload": {
      "searchTrackingMasterId": "Product.10082201",
      "searchTrackingTitle": "Teko%C4%8Di+detergent",
      "searchTrackingPageSize": 100,
      "searchTrackingPage": 5,
      "searchTrackingEvent": "click",
      "list": "search",
      "searchTrackingId": "Product.10082201",
      "searchTrackingOrigPos": 1,
      "searchTrackingPos": 453,
      "searchTrackingOrigPageSize": 100,
      "searchTrackingChannel": "SI",
      "category": "Food"
    }
  },
  {
    "code": "10082253",
    "name": "Koruzni prigrizek",
    "url": "",
    "result_class": "product",
    "type": "product",
    "product_id": 10082253,
    "erp_number": "10082253",
    "item_id": 10082253,
    "full_title": "SOL&MAR Koruzni prigrizek",
    "title": "Koruzni prigrizek",
    "category": "Food",
    "product_type": "RETAIL",
    "age_restriction": false,
    "is_used_product": false,
    "multipack": false,
    "online": false,
    "store": true,
    "quick_add_to_cart": false,
    "flash_sales": false,
    "having_videos": false,
    "having_threesixty": false,
    "price": 0.99,
    "old_price": 0.0,
    "currency_code": "EUR",
    "currency_symbol": "€",
    "has_star": true,
    "has_vat": false,
    "price_theme": "white_red",
    "variants_have_different_prices": false,
    "base_price_text": "1 kg = 6.60",
    "base_price_prefix": false,
    "packaging_text": "150 g",
    "discount_deleted_price": null,
    "discount_text": null,
    "discount_percentage": null,
    "discount_has_star": null,
    "show_discount": null,
    "show_percentage": null,
    "from_recommended_price": null,
    "availability_indicator": 0,
    "online_available": false,
    "min_orderable_quantity": 1,
    "orderable_quantities": [],
    "badge_texts": [
      "V trgovini od 07.07."
    ],
    "badge_types": [
      "IN_STORE_FROM_DATE_TODAY"
    ],
    "main_image": "https://imgproxy-retcat.assets.schwarz/V4GBsvT6PTxySckGicxGP4x1U23iM8B5lxYaI5KMfcw/sm:1/w:427/h:320/cz/M6Ly9wcm9kLWNhd/GFsb2ctbWVkaWEvc2kvMS9GQTlBMDU1OTRBOUZDQTdDNEJDNkQ4Q0J/GQjhGMjFDMkM1NjUyNTA5MkQxM0ZDMDBBOTkyRDU1MTM1NDJEMTYzLmpwZw.jpg",
    "image_list": [
      "https://imgproxy-retcat.assets.schwarz/V4GBsvT6PTxySckGicxGP4x1U23iM8B5lxYaI5KMfcw/sm:1/w:427/h:320/cz/M6Ly9wcm9kLWNhd/GFsb2ctbWVkaWEvc2kvMS9GQTlBMDU1OTRBOUZDQTdDNEJDNkQ4Q0J/GQjhGMjFDMkM1NjUyNTA5MkQxM0ZDMDBBOTkyRDU1MTM1NDJEMTYzLmpwZw.jpg"
    ],
    "image_accessibility": "Paket prigrizkov Belvita Tortilla Chips s okusom sira in čebule.",
    "detailed_images": [
      {
        "url": "https://imgproxy-retcat.assets.schwarz/V4GBsvT6PTxySckGicxGP4x1U23iM8B5lxYaI5KMfcw/sm:1/w:427/h:320/cz/M6Ly9wcm9kLWNhd/GFsb2ctbWVkaWEvc2kvMS9GQTlBMDU1OTRBOUZDQTdDNEJDNkQ4Q0J/GQjhGMjFDMkM1NjUyNTA5MkQxM0ZDMDBBOTkyRDU1MTM1NDJEMTYzLmpwZw.jpg",
        "accessibility": "Paket prigrizkov Belvita Tortilla Chips s okusom sira in čebule."
      }
    ],
    "analytics_category": "Food",
    "more_details": "Dodatne podrobnosti o izdelku",
    "won_category_primary": "Svetovi potreb/Hrana in bližnja hrana/Prigrizki in slaščice",
    "won_category_primary_path": "0/17/1721",
    "canonical_path": "/p/sol-mar-koruzni-prigrizek/p10082253",
    "canonical_url": "/p/sol-mar-koruzni-prigrizek/p10082253",
    "awards": [],
    "seals": [],
    "ribbons": [
      {
        "type": "SPECIAL_DESCRIPTION",
        "text": "IZDELEK ŽAL NI NA VOLJO",
        "theme": "red"
      }
    ],
    "highlighted_seals": 0,
    "lidl_plus": [],
    "regions": [],
    "ians": [
      "174569"
    ],
    "show_brand": true,
    "deal_of_day_active": false,
    "full_title_meta": "SOL&MAR Koruzni prigrizek",
    "lists": [
      4986
    ],
    "preview": false,
    "category_breadcrumbs": [
      {
        "id": "10068374",
        "name": "Hrana in pijača",
        "url": "/c/hrana-in-pijaca/s10068374",
        "hidden": false
      },
      {
        "id": "10071044",
        "name": "Prigrizki in sladkarije",
        "url": "/h/prigrizki-in-sladkarije/h10071044",
        "hidden": false
      }
    ],
    "campaigns": [
      {
        "id": "Current_Sales_Week",
        "name": "Ta teden",
        "url": null,
        "hidden": false
      },
      {
        "id": "10074825",
        "name": "Navdih iberksega polotoka",
        "url": "/c/navdih-iberksega-polotoka/a10074825",
        "hidden": false
      }
    ],
    "world_of_needs_code": "1721",
    "world_of_needs_name": "Prigrizki in slaščice",
    "world_of_needs_parent": "17",
    "is_main_category": true,
    "super_categories": [
      {
        "code": "17",
        "name": "Hrana in bližnja hrana",
        "parent": "0"
      },
      {
        "code": "0",
        "name": "Svetovi potreb",
        "parent": ""
      }
    ],
    "position": 454,
    "tracking_payload": {
      "searchTrackingMasterId": "Product.10082253",
      "searchTrackingTitle": "Koruzni+prigrizek",
      "searchTrackingPageSize": 100,
      "searchTrackingPage": 5,
      "searchTrackingEvent": "click",
      "list": "search",
      "searchTrackingId": "Product.10082253",
      "searchTrackingOrigPos": 1,
      "searchTrackingPos": 454,
      "searchTrackingOrigPageSize": 100,
      "searchTrackingChannel": "SI",
      "category": "Food"
    }
  },
  {
    "code": "10082275",
    "name": "Mafini „Magdalenas“",
    "url": "",
    "result_class": "product",
    "type": "product",
    "product_id": 10082275,
    "erp_number": "10082275",
    "item_id": 10082275,
    "full_title": "SOL&MAR Mafini „Magdalenas“",
    "title": "Mafini „Magdalenas“",
    "category": "Food",
    "product_type": "RETAIL",
    "age_restriction": false,
    "is_used_product": false,
    "multipack": false,
    "online": false,
    "store": true,
    "quick_add_to_cart": false,
    "flash_sales": false,
    "having_videos": false,
    "having_threesixty": false,
    "price": 2.49,
    "old_price": 0.0,
    "currency_code": "EUR",
    "currency_symbol": "€",
    "has_star": true,
    "has_vat": false,
    "price_theme": "white_red",
    "variants_have_different_prices": false,
    "base_price_text": "1 kg = 5.93",
    "base_price_prefix": false,
    "packaging_text": "420 g",
    "discount_deleted_price": null,
    "discount_text": null,
    "discount_percentage": null,
    "discount_has_star": null,
    "show_discount": null,
    "show_percentage": null,
    "from_recommended_price": null,
    "availability_indicator": 0,
    "online_available": false,
    "min_orderable_quantity": 1,
    "orderable_quantities": [],
    "badge_texts": [
      "V trgovini od 07.07."
    ],
    "badge_types": [
      "IN_STORE_FROM_DATE_TODAY"
    ],
    "main_image": "https://imgproxy-retcat.assets.schwarz/ORpySyFtoArVuhOrVyFomo5_giUBu9V5l-XMYkzlWxc/sm:1/w:427/h:320/cz/M6Ly9wcm9kLWNhd/GFsb2ctbWVkaWEvc2kvMS8yQjU2N0NFRUQ5QzdCMDNBNTM5MTRCNTB/EMTZDRjM4RjVFNzNCQ0IxQjFCMzg1MDg4NTk5RUY0MEY2RURGRDIxLmpwZw.jpg",
    "image_list": [
      "https://imgproxy-retcat.assets.schwarz/ORpySyFtoArVuhOrVyFomo5_giUBu9V5l-XMYkzlWxc/sm:1/w:427/h:320/cz/M6Ly9wcm9kLWNhd/GFsb2ctbWVkaWEvc2kvMS8yQjU2N0NFRUQ5QzdCMDNBNTM5MTRCNTB/EMTZDRjM4RjVFNzNCQ0IxQjFCMzg1MDg4NTk5RUY0MEY2RURGRDIxLmpwZw.jpg"
    ],
    "image_accessibility": "Zamrznjene mafine Solé, polnjene s čokolado.",
    "detailed_images": [
      {
        "url": "https://imgproxy-retcat.assets.schwarz/ORpySyFtoArVuhOrVyFomo5_giUBu9V5l-XMYkzlWxc/sm:1/w:427/h:320/cz/M6Ly9wcm9kLWNhd/GFsb2ctbWVkaWEvc2kvMS8yQjU2N0NFRUQ5QzdCMDNBNTM5MTRCNTB/EMTZDRjM4RjVFNzNCQ0IxQjFCMzg1MDg4NTk5RUY0MEY2RURGRDIxLmpwZw.jpg",
        "accessibility": "Zamrznjene mafine Solé, polnjene s čokolado."
      }
    ],
    "analytics_category": "Food",
    "more_details": "Dodatne podrobnosti o izdelku",
    "won_category_primary": "Svetovi potreb/Hrana in bližnja hrana/Kruh in pekovsko pecivo",
    "won_category_primary_path": "0/17/1713",
    "canonical_path": "/p/sol-mar-mafini-magdalenas/p10082275",
    "canonical_url": "/p/sol-mar-mafini-magdalenas/p10082275",
    "awards": [],
    "seals": [],
    "ribbons": [
      {
        "type": "SPECIAL_DESCRIPTION",
        "text": "IZDELEK BO NA VOLJO NAKNADNO",
        "theme": "red"
      }
    ],
    "highlighted_seals": 0,
    "lidl_plus": [],
    "regions": [],
    "ians": [
      "5714973"
    ],
    "show_brand": true,
    "deal_of_day_active": false,
    "full_title_meta": "SOL&MAR Mafini „Magdalenas“",
    "lists": [
      4986
    ],
    "preview": false,
    "category_breadcrumbs": [
      {
        "id": "10068374",
        "name": "Hrana in pijača",
        "url": "/c/hrana-in-pijaca/s10068374",
        "hidden": false
      },
      {
        "id": "10071015",
        "name": "Kruh in pekovski izdelki",
        "url": "/h/kruh-in-pekovski-izdelki/h10071015",
        "hidden": false
      }
    ],
    "campaigns": [
      {
        "id": "Current_Sales_Week",
        "name": "Ta teden",
        "url": null,
        "hidden": false
      },
      {
        "id": "10074825",
        "name": "Navdih iberksega polotoka",
        "url": "/c/navdih-iberksega-polotoka/a10074825",
        "hidden": false
      }
    ],
    "world_of_needs_code": "1713",
    "world_of_needs_name": "Kruh in pekovsko pecivo",
    "world_of_needs_parent": "17",
    "is_main_category": true,
    "super_categories": [
      {
        "code": "17",
        "name": "Hrana in bližnja hrana",
        "parent": "0"
      },
      {
        "code": "0",
        "name": "Svetovi potreb",
        "parent": ""
      }
    ],
    "position": 455,
    "tracking_payload": {
      "searchTrackingMasterId": "Product.10082275",
      "searchTrackingTitle": "Mafini+%E2%80%9EMagdalenas%E2%80%9C",
      "searchTrackingPageSize": 100,
      "searchTrackingPage": 5,
      "searchTrackingEvent": "click",
      "list": "search",
      "searchTrackingId": "Product.10082275",
      "searchTrackingOrigPos": 1,
      "searchTrackingPos": 455,
      "searchTrackingOrigPageSize": 100,
      "searchTrackingChannel": "SI",
      "category": "Food"
    }
  },
  {
    "code": "10082355",
    "name": "Polnjeni kroketi",
    "url": "",
    "result_class": "product",
    "type": "product",
    "product_id": 10082355,
    "erp_number": "10082355",
    "item_id": 10082355,
    "full_title": "SOL&MAR Polnjeni kroketi",
    "title": "Polnjeni kroketi",
    "category": "Food",
    "product_type": "RETAIL",
    "age_restriction": false,
    "is_used_product": false,
    "multipack": false,
    "online": false,
    "store": true,
    "quick_add_to_cart": false,
    "flash_sales": false,
    "having_videos": false,
    "having_threesixty": false,
    "price": 2.49,
    "old_price": 0.0,
    "currency_code": "EUR",
    "currency_symbol": "€",
    "has_star": true,
    "has_vat": false,
    "price_theme": "white_red",
    "variants_have_different_prices": false,
    "base_price_text": "1 kg = 4.98",
    "base_price_prefix": false,
    "packaging_text": "500 g",
    "discount_deleted_price": null,
    "discount_text": "ZGRABITE PRILOŽNOST!",
    "discount_percentage": null,
    "discount_has_star": false,
    "show_discount": false,
    "show_percentage": false,
    "from_recommended_price": false,
    "availability_indicator": 0,
    "online_available": false,
    "min_orderable_quantity": 1,
    "orderable_quantities": [],
    "badge_texts": [
      "V trgovini od 07.07."
    ],
    "badge_types": [
      "IN_STORE_FROM_DATE_TODAY"
    ],
    "main_image": "https://imgproxy-retcat.assets.schwarz/r3D-FqxtmCl1gMhV-ESbMs1WEG2ax-lNQwv0-mn7iA4/sm:1/w:427/h:320/cz/M6Ly9wcm9kLWNhd/GFsb2ctbWVkaWEvc2kvMS84RTE5MDU0NzE4NDQ2RTI5MjAwOEJGQzA/3ODZCNzM5ODZGMDdENTIzOUFEMzc4REVEM0YzRTU1QTdDNjU3NjU5LmpwZw.jpg",
    "image_list": [
      "https://imgproxy-retcat.assets.schwarz/r3D-FqxtmCl1gMhV-ESbMs1WEG2ax-lNQwv0-mn7iA4/sm:1/w:427/h:320/cz/M6Ly9wcm9kLWNhd/GFsb2ctbWVkaWEvc2kvMS84RTE5MDU0NzE4NDQ2RTI5MjAwOEJGQzA/3ODZCNzM5ODZGMDdENTIzOUFEMzc4REVEM0YzRTU1QTdDNjU3NjU5LmpwZw.jpg"
    ],
    "image_accessibility": "Zamrznjene čokoladne krogle Just My.",
    "detailed_images": [
      {
        "url": "https://imgproxy-retcat.assets.schwarz/r3D-FqxtmCl1gMhV-ESbMs1WEG2ax-lNQwv0-mn7iA4/sm:1/w:427/h:320/cz/M6Ly9wcm9kLWNhd/GFsb2ctbWVkaWEvc2kvMS84RTE5MDU0NzE4NDQ2RTI5MjAwOEJGQzA/3ODZCNzM5ODZGMDdENTIzOUFEMzc4REVEM0YzRTU1QTdDNjU3NjU5LmpwZw.jpg",
        "accessibility": "Zamrznjene čokoladne krogle Just My."
      }
    ],
    "analytics_category": "Food",
    "more_details": "Dodatne podrobnosti o izdelku",
    "won_category_primary": "Svetovi potreb/Hrana in bližnja hrana/Zamrznjena hrana (Zamrznjena hrana)",
    "won_category_primary_path": "0/17/1716",
    "canonical_path": "/p/sol-mar-polnjeni-kroketi/p10082355",
    "canonical_url": "/p/sol-mar-polnjeni-kroketi/p10082355",
    "awards": [],
    "seals": [
      {
        "altText": "Nalepka: NOVO!",
        "image": "https://imgproxy-retcat.assets.schwarz/gW7U9oAMEinoB9aSfR-kefCuzYAnn4a_JeAvwiBZ8jM/sm:1/w:140/cz/M6Ly9wcm9kLWNhd/GFsb2ctbWVkaWEvc2kvMi8xMzJDOEE4QTc5MEM1OUI0Q0UxNUQ5OUV/GRjE1MTJBOThEN0JEOEI5NEU0MzkzRkRGQjk3Q0NCOUE5MjIxODNCLnBuZw.png"
      },
      {
        "altText": "Znak: Zamrznjeno",
        "image": "https://imgproxy-retcat.assets.schwarz/ayWyw20LfIYJzOhoc4KvR8G0z3S3CSGFD0vHUIK3dgY/sm:1/w:140/cz/M6Ly9wcm9kLWNhd/GFsb2ctbWVkaWEvc2kvMi81NkZCNjYzMzA5NkRFMERFNzUzNEI1ODY/xRDQ4Q0MxRTkxQkUzNUMxOTBGNTAyMURGMjJGODEyQzk0ODhCNTYwLnBuZw.png"
      }
    ],
    "ribbons": [
      {
        "type": "SPECIAL_DESCRIPTION",
        "text": "IZDELEK BO NA VOLJO NAKNADNO",
        "theme": "red"
      }
    ],
    "highlighted_seals": 0,
    "lidl_plus": [],
    "regions": [],
    "ians": [
      "5720634"
    ],
    "show_brand": true,
    "deal_of_day_active": false,
    "full_title_meta": "SOL&MAR Polnjeni kroketi",
    "lists": [
      4986
    ],
    "preview": false,
    "category_breadcrumbs": [
      {
        "id": "10068374",
        "name": "Hrana in pijača",
        "url": "/c/hrana-in-pijaca/s10068374",
        "hidden": false
      },
      {
        "id": "10071049",
        "name": "Zamrznjena hrana",
        "url": "/h/zamrznjena-hrana/h10071049",
        "hidden": false
      }
    ],
    "campaigns": [
      {
        "id": "Current_Sales_Week",
        "name": "Ta teden",
        "url": null,
        "hidden": false
      },
      {
        "id": "10074825",
        "name": "Navdih iberksega polotoka",
        "url": "/c/navdih-iberksega-polotoka/a10074825",
        "hidden": false
      }
    ],
    "world_of_needs_code": "1716",
    "world_of_needs_name": "Zamrznjena hrana (Zamrznjena hrana)",
    "world_of_needs_parent": "17",
    "is_main_category": true,
    "super_categories": [
      {
        "code": "17",
        "name": "Hrana in bližnja hrana",
        "parent": "0"
      },
      {
        "code": "0",
        "name": "Svetovi potreb",
        "parent": ""
      }
    ],
    "position": 456,
    "tracking_payload": {
      "searchTrackingMasterId": "Product.10082355",
      "searchTrackingTitle": "Polnjeni+kroketi",
      "searchTrackingPageSize": 100,
      "searchTrackingPage": 5,
      "searchTrackingEvent": "click",
      "list": "search",
      "searchTrackingId": "Product.10082355",
      "searchTrackingOrigPos": 1,
      "searchTrackingPos": 456,
      "searchTrackingOrigPageSize": 100,
      "searchTrackingChannel": "SI",
      "category": "Food"
    }
  },
  {
    "code": "10079424",
    "name": "Muškat Ottonel",
    "url": "",
    "result_class": "product",
    "type": "product",
    "product_id": 10079424,
    "erp_number": "10079424",
    "item_id": 10079424,
    "full_title": "Muškat Ottonel",
    "title": "Muškat Ottonel",
    "category": "Food",
    "product_type": "RETAIL",
    "age_restriction": false,
    "is_used_product": false,
    "multipack": false,
    "online": false,
    "store": true,
    "quick_add_to_cart": false,
    "flash_sales": false,
    "having_videos": false,
    "having_threesixty": false,
    "price": 5.29,
    "old_price": 5.79,
    "currency_code": "EUR",
    "currency_symbol": "€",
    "has_star": true,
    "has_vat": false,
    "price_theme": "white_red",
    "variants_have_different_prices": false,
    "base_price_text": "1 l = 7.05",
    "base_price_prefix": false,
    "packaging_text": "0,75 l",
    "discount_deleted_price": 5.79,
    "discount_text": "CENEJE!",
    "discount_percentage": 8,
    "discount_has_star": false,
    "show_discount": true,
    "show_percentage": false,
    "from_recommended_price": false,
    "availability_indicator": 0,
    "online_available": false,
    "min_orderable_quantity": 1,
    "orderable_quantities": [],
    "badge_texts": [
      "V trgovini od 20.05."
    ],
    "badge_types": [
      "IN_STORE_FROM_DATE_PAST"
    ],
    "main_image": "https://imgproxy-retcat.assets.schwarz/AzL67XXJATJIoRqr2WH174tSD0ac5ip1hnfV5lfcSAw/sm:1/w:427/h:320/cz/M6Ly9wcm9kLWNhd/GFsb2ctbWVkaWEvaW50LzJFMjQ3QUQ1N0JEMUNFQUY3NDIyNEI5Qj/ZGMTc1RDc0MkRCNkJCMDQxNUZBNDExRjExN0U4MUIzOUIyQjg3QzcucG5n.png",
    "image_list": [
      "https://imgproxy-retcat.assets.schwarz/AzL67XXJATJIoRqr2WH174tSD0ac5ip1hnfV5lfcSAw/sm:1/w:427/h:320/cz/M6Ly9wcm9kLWNhd/GFsb2ctbWVkaWEvaW50LzJFMjQ3QUQ1N0JEMUNFQUY3NDIyNEI5Qj/ZGMTc1RDc0MkRCNkJCMDQxNUZBNDExRjExN0U4MUIzOUIyQjg3QzcucG5n.png"
    ],
    "image_accessibility": "Steklenica sladkega vina Muškat Ottonel.",
    "detailed_images": [
      {
        "url": "https://imgproxy-retcat.assets.schwarz/AzL67XXJATJIoRqr2WH174tSD0ac5ip1hnfV5lfcSAw/sm:1/w:427/h:320/cz/M6Ly9wcm9kLWNhd/GFsb2ctbWVkaWEvaW50LzJFMjQ3QUQ1N0JEMUNFQUY3NDIyNEI5Qj/ZGMTc1RDc0MkRCNkJCMDQxNUZBNDExRjExN0U4MUIzOUIyQjg3QzcucG5n.png",
        "accessibility": "Steklenica sladkega vina Muškat Ottonel."
      }
    ],
    "analytics_category": "Food",
    "more_details": "Dodatne podrobnosti o izdelku",
    "won_category_primary": "Svetovi potreb/Hrana in bližnja hrana/Pijače",
    "won_category_primary_path": "0/17/1720",
    "canonical_path": "/p/muskat-ottonel/p10079424",
    "canonical_url": "/p/muskat-ottonel/p10079424",
    "awards": [],
    "seals": [],
    "ribbons": [],
    "highlighted_seals": 0,
    "lidl_plus": [],
    "regions": [],
    "ians": [
      "7307954"
    ],
    "show_brand": false,
    "deal_of_day_active": false,
    "full_title_meta": "Muškat Ottonel",
    "lists": [
      1651
    ],
    "preview": false,
    "category_breadcrumbs": [
      {
        "id": "10068374",
        "name": "Hrana in pijača",
        "url": "/c/hrana-in-pijaca/s10068374",
        "hidden": false
      },
      {
        "id": "10071022",
        "name": "Pijače",
        "url": "/h/pijace/h10071022",
        "hidden": false
      }
    ],
    "campaigns": [
      {
        "id": "Current_Sales_Week",
        "name": "Ta teden",
        "url": null,
        "hidden": false
      },
      {
        "id": "10025137",
        "name": "Znižano vsaj tri mesece",
        "url": "/c/znizano-vsaj-tri-mesece/a10025137",
        "hidden": false
      }
    ],
    "world_of_needs_code": "1720",
    "world_of_needs_name": "Pijače",
    "world_of_needs_parent": "17",
    "is_main_category": true,
    "super_categories": [
      {
        "code": "17",
        "name": "Hrana in bližnja hrana",
        "parent": "0"
      },
      {
        "code": "0",
        "name": "Svetovi potreb",
        "parent": ""
      }
    ],
    "position": 457,
    "tracking_payload": {
      "searchTrackingMasterId": "Product.10079424",
      "searchTrackingTitle": "Mu%C5%A1kat+Ottonel",
      "searchTrackingPageSize": 100,
      "searchTrackingPage": 5,
      "searchTrackingEvent": "click",
      "list": "search",
      "searchTrackingId": "Product.10079424",
      "searchTrackingOrigPos": 1,
      "searchTrackingPos": 457,
      "searchTrackingOrigPageSize": 100,
      "searchTrackingChannel": "SI",
      "category": "Food"
    }
  },
  {
    "code": "10076435",
    "name": "Cvetlični med",
    "url": "",
    "result_class": "product",
    "type": "product",
    "product_id": 10076435,
    "erp_number": "10076435",
    "item_id": 10076435,
    "full_title": "Cvetlični med",
    "title": "Cvetlični med",
    "category": "Food",
    "product_type": "RETAIL",
    "age_restriction": false,
    "is_used_product": false,
    "multipack": false,
    "online": false,
    "store": true,
    "quick_add_to_cart": false,
    "flash_sales": false,
    "having_videos": false,
    "having_threesixty": false,
    "price": 2.49,
    "old_price": 2.69,
    "currency_code": "EUR",
    "currency_symbol": "€",
    "has_star": true,
    "has_vat": false,
    "price_theme": "white_red",
    "variants_have_different_prices": false,
    "base_price_text": "1 kg = 7.11",
    "base_price_prefix": false,
    "packaging_text": "350 g",
    "discount_deleted_price": 2.69,
    "discount_text": "CENEJE!",
    "discount_percentage": 7,
    "discount_has_star": false,
    "show_discount": true,
    "show_percentage": false,
    "from_recommended_price": false,
    "availability_indicator": 0,
    "online_available": false,
    "min_orderable_quantity": 1,
    "orderable_quantities": [],
    "badge_texts": [
      "V trgovini od 21.04."
    ],
    "badge_types": [
      "IN_STORE_FROM_DATE_PAST"
    ],
    "main_image": "https://imgproxy-retcat.assets.schwarz/GGcub0H3tTFXMsBr6NLGe8GEWpKKa8A4Qbo0T5yfmkE/sm:1/w:427/h:320/cz/M6Ly9wcm9kLWNhd/GFsb2ctbWVkaWEvc2kvMS9DNkQyRkVCQ0FGMjZDOUNGMUQwNDZCOTQ/1NEQxQ0QzNjEwQjRBMzNCN0JDNDg4RjczOTcwODZFQ0U5MDZBREFELmpwZw.jpg",
    "image_list": [
      "https://imgproxy-retcat.assets.schwarz/GGcub0H3tTFXMsBr6NLGe8GEWpKKa8A4Qbo0T5yfmkE/sm:1/w:427/h:320/cz/M6Ly9wcm9kLWNhd/GFsb2ctbWVkaWEvc2kvMS9DNkQyRkVCQ0FGMjZDOUNGMUQwNDZCOTQ/1NEQxQ0QzNjEwQjRBMzNCN0JDNDg4RjczOTcwODZFQ0U5MDZBREFELmpwZw.jpg"
    ],
    "image_accessibility": "Steklenica cvetličnega medu, 350 g.",
    "detailed_images": [
      {
        "url": "https://imgproxy-retcat.assets.schwarz/GGcub0H3tTFXMsBr6NLGe8GEWpKKa8A4Qbo0T5yfmkE/sm:1/w:427/h:320/cz/M6Ly9wcm9kLWNhd/GFsb2ctbWVkaWEvc2kvMS9DNkQyRkVCQ0FGMjZDOUNGMUQwNDZCOTQ/1NEQxQ0QzNjEwQjRBMzNCN0JDNDg4RjczOTcwODZFQ0U5MDZBREFELmpwZw.jpg",
        "accessibility": "Steklenica cvetličnega medu, 350 g."
      }
    ],
    "analytics_category": "Food",
    "more_details": "Dodatne podrobnosti o izdelku",
    "won_category_primary": "Svetovi potreb/Hrana in bližnja hrana/Džem, marmelada in med",
    "won_category_primary_path": "0/17/1712",
    "canonical_path": "/p/cvetlicni-med/p10076435",
    "canonical_url": "/p/cvetlicni-med/p10076435",
    "awards": [],
    "seals": [],
    "ribbons": [],
    "highlighted_seals": 0,
    "lidl_plus": [],
    "regions": [],
    "ians": [
      "6400270"
    ],
    "show_brand": false,
    "deal_of_day_active": false,
    "full_title_meta": "Cvetlični med",
    "lists": [
      1651
    ],
    "preview": false,
    "category_breadcrumbs": [
      {
        "id": "10068374",
        "name": "Hrana in pijača",
        "url": "/c/hrana-in-pijaca/s10068374",
        "hidden": false
      },
      {
        "id": "10071684",
        "name": "Džemi in namazi",
        "url": "/h/dzemi-in-namazi/h10071684",
        "hidden": false
      }
    ],
    "campaigns": [
      {
        "id": "Current_Sales_Week",
        "name": "Ta teden",
        "url": null,
        "hidden": false
      },
      {
        "id": "10025137",
        "name": "Znižano vsaj tri mesece",
        "url": "/c/znizano-vsaj-tri-mesece/a10025137",
        "hidden": false
      }
    ],
    "world_of_needs_code": "1712",
    "world_of_needs_name": "Džem, marmelada in med",
    "world_of_needs_parent": "17",
    "is_main_category": true,
    "super_categories": [
      {
        "code": "17",
        "name": "Hrana in bližnja hrana",
        "parent": "0"
      },
      {
        "code": "0",
        "name": "Svetovi potreb",
        "parent": ""
      }
    ],
    "position": 458,
    "tracking_payload": {
      "searchTrackingMasterId": "Product.10076435",
      "searchTrackingTitle": "Cvetli%C4%8Dni+med",
      "searchTrackingPageSize": 100,
      "searchTrackingPage": 5,
      "searchTrackingEvent": "click",
      "list": "search",
      "searchTrackingId": "Product.10076435",
      "searchTrackingOrigPos": 1,
      "searchTrackingPos": 458,
      "searchTrackingOrigPageSize": 100,
      "searchTrackingChannel": "SI",
      "category": "Food"
    }
  },
  {
    "code": "10078730",
    "name": "Kavne kapsule Espresso",
    "url": "",
    "result_class": "product",
    "type": "product",
    "product_id": 10078730,
    "erp_number": "10078730",
    "item_id": 10078730,
    "full_title": "BELLAROM Kavne kapsule Espresso",
    "title": "Kavne kapsule Espresso",
    "category": "Food",
    "product_type": "RETAIL",
    "age_restriction": false,
    "is_used_product": false,
    "multipack": false,
    "online": false,
    "store": true,
    "quick_add_to_cart": false,
    "flash_sales": false,
    "having_videos": false,
    "having_threesixty": false,
    "price": 2.99,
    "old_price": 3.19,
    "currency_code": "EUR",
    "currency_symbol": "€",
    "has_star": true,
    "has_vat": false,
    "price_theme": "white_red",
    "variants_have_different_prices": false,
    "base_price_text": "1 kg = 31.15",
    "base_price_prefix": false,
    "packaging_text": "96 g",
    "discount_deleted_price": 3.19,
    "discount_text": "CENEJE!",
    "discount_percentage": 6,
    "discount_has_star": false,
    "show_discount": true,
    "show_percentage": false,
    "from_recommended_price": false,
    "availability_indicator": 0,
    "online_available": false,
    "min_orderable_quantity": 1,
    "orderable_quantities": [],
    "badge_texts": [
      "V trgovini od 16.05."
    ],
    "badge_types": [
      "IN_STORE_FROM_DATE_PAST"
    ],
    "main_image": "https://imgproxy-retcat.assets.schwarz/Ecv-M3QCfVvT9H2o6k4wXKbEls9chMyoVRZPcdqujHs/sm:1/w:427/h:320/cz/M6Ly9wcm9kLWNhd/GFsb2ctbWVkaWEvaW50LzFCRDY0REM1NjM5NTI5NkEzRjZBNUM4RD/hEQ0U4RTUwMjdBREE5OEEyMDBEMUE2M0Q4QkJCODQwRTk0NDlCMzkucG5n.png",
    "image_list": [
      "https://imgproxy-retcat.assets.schwarz/Ecv-M3QCfVvT9H2o6k4wXKbEls9chMyoVRZPcdqujHs/sm:1/w:427/h:320/cz/M6Ly9wcm9kLWNhd/GFsb2ctbWVkaWEvaW50LzFCRDY0REM1NjM5NTI5NkEzRjZBNUM4RD/hEQ0U4RTUwMjdBREE5OEEyMDBEMUE2M0Q4QkJCODQwRTk0NDlCMzkucG5n.png"
    ],
    "image_accessibility": "Bellarom Espresso kapsule za Nescafé Dolce Gusto, 16 kos.",
    "detailed_images": [
      {
        "url": "https://imgproxy-retcat.assets.schwarz/Ecv-M3QCfVvT9H2o6k4wXKbEls9chMyoVRZPcdqujHs/sm:1/w:427/h:320/cz/M6Ly9wcm9kLWNhd/GFsb2ctbWVkaWEvaW50LzFCRDY0REM1NjM5NTI5NkEzRjZBNUM4RD/hEQ0U4RTUwMjdBREE5OEEyMDBEMUE2M0Q4QkJCODQwRTk0NDlCMzkucG5n.png",
        "accessibility": "Bellarom Espresso kapsule za Nescafé Dolce Gusto, 16 kos."
      }
    ],
    "analytics_category": "Food",
    "more_details": "Dodatne podrobnosti o izdelku",
    "won_category_primary": "Svetovi potreb/Hrana in bližnja hrana/Kava, čaj in kakav",
    "won_category_primary_path": "0/17/1730",
    "canonical_path": "/p/bellarom-kavne-kapsule-espresso/p10078730",
    "canonical_url": "/p/bellarom-kavne-kapsule-espresso/p10078730",
    "awards": [],
    "seals": [
      {
        "altText": "Žig Rainforest Alliance: Ljudje & Narava",
        "image": "https://imgproxy-retcat.assets.schwarz/7mJEQYeFMF1u47YsCLb0QG4qkOITjGsXSTMTu8wETXM/sm:1/w:140/cz/M6Ly9wcm9kLWNhd/GFsb2ctbWVkaWEvc2kvMi82MjIyMzMxOEI0MjM3MTMxQ0QwOEZCOUE/wQjczOTU0NkJERENGODJGQjFCOTk4NDE2NjY0ODkyRTU2RDQzMTEwLnBuZw.png"
      }
    ],
    "ribbons": [],
    "highlighted_seals": 0,
    "lidl_plus": [],
    "regions": [],
    "ians": [
      "142600"
    ],
    "show_brand": true,
    "deal_of_day_active": false,
    "full_title_meta": "BELLAROM Kavne kapsule Espresso",
    "lists": [
      1651
    ],
    "preview": false,
    "category_breadcrumbs": [
      {
        "id": "10068374",
        "name": "Hrana in pijača",
        "url": "/c/hrana-in-pijaca/s10068374",
        "hidden": false
      },
      {
        "id": "10071683",
        "name": "Kava, čaj in kakav",
        "url": "/h/kava-caj-in-kakav/h10071683",
        "hidden": false
      }
    ],
    "campaigns": [
      {
        "id": "Current_Sales_Week",
        "name": "Ta teden",
        "url": null,
        "hidden": false
      },
      {
        "id": "10025137",
        "name": "Znižano vsaj tri mesece",
        "url": "/c/znizano-vsaj-tri-mesece/a10025137",
        "hidden": false
      }
    ],
    "world_of_needs_code": "1730",
    "world_of_needs_name": "Kava, čaj in kakav",
    "world_of_needs_parent": "17",
    "is_main_category": true,
    "super_categories": [
      {
        "code": "17",
        "name": "Hrana in bližnja hrana",
        "parent": "0"
      },
      {
        "code": "0",
        "name": "Svetovi potreb",
        "parent": ""
      }
    ],
    "position": 459,
    "tracking_payload": {
      "searchTrackingMasterId": "Product.10078730",
      "searchTrackingTitle": "Kavne+kapsule+Espresso",
      "searchTrackingPageSize": 100,
      "searchTrackingPage": 5,
      "searchTrackingEvent": "click",
      "list": "search",
      "searchTrackingId": "Product.10078730",
      "searchTrackingOrigPos": 1,
      "searchTrackingPos": 459,
      "searchTrackingOrigPageSize": 100,
      "searchTrackingChannel": "SI",
      "category": "Food"
    }
  },
  {
    "code": "10073661",
    "name": "Laški rizling",
    "url": "",
    "result_class": "product",
    "type": "product",
    "product_id": 10073661,
    "erp_number": "10073661",
    "item_id": 10073661,
    "full_title": "JERUZALEM ORMOŽ Laški rizling",
    "title": "Laški rizling",
    "category": "Food",
    "product_type": "RETAIL",
    "age_restriction": false,
    "is_used_product": false,
    "multipack": false,
    "online": false,
    "store": true,
    "quick_add_to_cart": false,
    "flash_sales": false,
    "having_videos": false,
    "having_threesixty": false,
    "price": 4.89,
    "old_price": 0.0,
    "currency_code": "EUR",
    "currency_symbol": "€",
    "has_star": true,
    "has_vat": false,
    "price_theme": "white_red",
    "variants_have_different_prices": false,
    "base_price_text": null,
    "base_price_prefix": null,
    "packaging_text": "1 l",
    "discount_deleted_price": null,
    "discount_text": null,
    "discount_percentage": null,
    "discount_has_star": null,
    "show_discount": null,
    "show_percentage": null,
    "from_recommended_price": null,
    "availability_indicator": 0,
    "online_available": false,
    "min_orderable_quantity": 1,
    "orderable_quantities": [],
    "badge_texts": [
      "V trgovini"
    ],
    "badge_types": [
      "IN_STORE"
    ],
    "main_image": "https://imgproxy-retcat.assets.schwarz/VGBQ_s77BwdCW9N_hBfUmny23mOGL2r6M2ODCP4Unbk/sm:1/w:427/h:320/cz/M6Ly9wcm9kLWNhd/GFsb2ctbWVkaWEvc2kvMS9FQTk0NDI1RTQ5NUVGQUNEMDUyOTMxQTI/0RDFCOTdBQjVEQjI4NDA5RDc2MzI1OTM0NDY4NjNBMTg1MDEwNzIxLmpwZw.jpg",
    "image_list": [
      "https://imgproxy-retcat.assets.schwarz/VGBQ_s77BwdCW9N_hBfUmny23mOGL2r6M2ODCP4Unbk/sm:1/w:427/h:320/cz/M6Ly9wcm9kLWNhd/GFsb2ctbWVkaWEvc2kvMS9FQTk0NDI1RTQ5NUVGQUNEMDUyOTMxQTI/0RDFCOTdBQjVEQjI4NDA5RDc2MzI1OTM0NDY4NjNBMTg1MDEwNzIxLmpwZw.jpg"
    ],
    "image_accessibility": "Suhi Laški rizling, Jeruzalem Ormož.",
    "detailed_images": [
      {
        "url": "https://imgproxy-retcat.assets.schwarz/VGBQ_s77BwdCW9N_hBfUmny23mOGL2r6M2ODCP4Unbk/sm:1/w:427/h:320/cz/M6Ly9wcm9kLWNhd/GFsb2ctbWVkaWEvc2kvMS9FQTk0NDI1RTQ5NUVGQUNEMDUyOTMxQTI/0RDFCOTdBQjVEQjI4NDA5RDc2MzI1OTM0NDY4NjNBMTg1MDEwNzIxLmpwZw.jpg",
        "accessibility": "Suhi Laški rizling, Jeruzalem Ormož."
      }
    ],
    "analytics_category": "Food",
    "more_details": "Dodatne podrobnosti o izdelku",
    "won_category_primary": "Svetovi potreb/Vino in žgane pijače/Vino/Belo vino",
    "won_category_primary_path": "0/10/1010/101010",
    "canonical_path": "/p/jeruzalem-ormoz-laski-rizling/p10073661",
    "canonical_url": "/p/jeruzalem-ormoz-laski-rizling/p10073661",
    "awards": [],
    "seals": [
      {
        "altText": "Slovenski izdelek",
        "image": "https://imgproxy-retcat.assets.schwarz/065GlWscfuyzRNlqdEjgEaZNE6893872XSglFaanlJA/sm:1/w:140/cz/M6Ly9wcm9kLWNhd/GFsb2ctbWVkaWEvc2kvMi83RTk4NkYyRDk1MTlDRUJBNzA1N0JGMzA/1QjA1NjUyRjVCMjMzNzZGRjY4MzVEREFGQzIwQzE5NDVFQUE5M0RCLnBuZw.png"
      }
    ],
    "ribbons": [],
    "highlighted_seals": 0,
    "lidl_plus": [],
    "regions": [],
    "ians": [
      "7307507"
    ],
    "show_brand": true,
    "deal_of_day_active": false,
    "full_title_meta": "JERUZALEM ORMOŽ Laški rizling",
    "lists": [
      16
    ],
    "preview": false,
    "category_breadcrumbs": [
      {
        "id": "10068374",
        "name": "Hrana in pijača",
        "url": "/c/hrana-in-pijaca/s10068374",
        "hidden": false
      },
      {
        "id": "10071687",
        "name": "Vina in žgane pijače",
        "url": "/h/vina-in-zgane-pijace/h10071687",
        "hidden": false
      }
    ],
    "campaigns": [
      {
        "id": "10025136",
        "name": "Novo v ponudbi",
        "url": "/c/novo-v-ponudbi/a10025136",
        "hidden": false
      }
    ],
    "world_of_needs_code": "101010",
    "world_of_needs_name": "Belo vino",
    "world_of_needs_parent": "1010",
    "is_main_category": true,
    "super_categories": [
      {
        "code": "1010",
        "name": "Vino",
        "parent": "10"
      },
      {
        "code": "10",
        "name": "Vino in žgane pijače",
        "parent": "0"
      },
      {
        "code": "0",
        "name": "Svetovi potreb",
        "parent": ""
      }
    ],
    "position": 460,
    "tracking_payload": {
      "searchTrackingMasterId": "Product.10073661",
      "searchTrackingTitle": "La%C5%A1ki+rizling",
      "searchTrackingPageSize": 100,
      "searchTrackingPage": 5,
      "searchTrackingEvent": "click",
      "list": "search",
      "searchTrackingId": "Product.10073661",
      "searchTrackingOrigPos": 1,
      "searchTrackingPos": 460,
      "searchTrackingOrigPageSize": 100,
      "searchTrackingChannel": "SI",
      "category": "Food"
    }
  },
  {
    "code": "10081063",
    "name": "Ananasov sok",
    "url": "",
    "result_class": "product",
    "type": "product",
    "product_id": 10081063,
    "erp_number": "10081063",
    "item_id": 10081063,
    "full_title": "SOLEVITA Ananasov sok",
    "title": "Ananasov sok",
    "category": "Food",
    "product_type": "RETAIL",
    "age_restriction": false,
    "is_used_product": false,
    "multipack": false,
    "online": false,
    "store": true,
    "quick_add_to_cart": false,
    "flash_sales": false,
    "having_videos": false,
    "having_threesixty": false,
    "price": 2.29,
    "old_price": 0.0,
    "currency_code": "EUR",
    "currency_symbol": "€",
    "has_star": true,
    "has_vat": false,
    "price_theme": "white_red",
    "variants_have_different_prices": false,
    "base_price_text": "1 l = 3.05",
    "base_price_prefix": false,
    "packaging_text": "750 ml",
    "discount_deleted_price": null,
    "discount_text": null,
    "discount_percentage": null,
    "discount_has_star": null,
    "show_discount": null,
    "show_percentage": null,
    "from_recommended_price": null,
    "availability_indicator": 0,
    "online_available": false,
    "min_orderable_quantity": 1,
    "orderable_quantities": [],
    "badge_texts": [
      "V trgovini"
    ],
    "badge_types": [
      "IN_STORE"
    ],
    "main_image": "https://imgproxy-retcat.assets.schwarz/y3b0eQA-eNLLpjBdVptNaBKA1ZQj7k-wEIbLfvPzoGQ/sm:1/w:427/h:320/cz/M6Ly9wcm9kLWNhd/GFsb2ctbWVkaWEvaW50LzRGQzE2RjU0NDQyQzUzMzFCQTdDQzIwRk/JBQzg1OUQ0QTc3MjEyRTlFOUUzNjg3MDBCNUQzMkQ2RjA3QkNGOTgucG5n.png",
    "image_list": [
      "https://imgproxy-retcat.assets.schwarz/y3b0eQA-eNLLpjBdVptNaBKA1ZQj7k-wEIbLfvPzoGQ/sm:1/w:427/h:320/cz/M6Ly9wcm9kLWNhd/GFsb2ctbWVkaWEvaW50LzRGQzE2RjU0NDQyQzUzMzFCQTdDQzIwRk/JBQzg1OUQ0QTc3MjEyRTlFOUUzNjg3MDBCNUQzMkQ2RjA3QkNGOTgucG5n.png"
    ],
    "image_accessibility": null,
    "detailed_images": [
      {
        "url": "https://imgproxy-retcat.assets.schwarz/y3b0eQA-eNLLpjBdVptNaBKA1ZQj7k-wEIbLfvPzoGQ/sm:1/w:427/h:320/cz/M6Ly9wcm9kLWNhd/GFsb2ctbWVkaWEvaW50LzRGQzE2RjU0NDQyQzUzMzFCQTdDQzIwRk/JBQzg1OUQ0QTc3MjEyRTlFOUUzNjg3MDBCNUQzMkQ2RjA3QkNGOTgucG5n.png",
        "accessibility": null
      }
    ],
    "analytics_category": "Food",
    "more_details": "Dodatne podrobnosti o izdelku",
    "won_category_primary": "Svetovi potreb/Hrana in bližnja hrana/Pijače",
    "won_category_primary_path": "0/17/1720",
    "canonical_path": "/p/solevita-ananasov-sok/p10081063",
    "canonical_url": "/p/solevita-ananasov-sok/p10081063",
    "awards": [],
    "seals": [
      {
        "altText": "Veganski certifikat V-Label International",
        "image": "https://imgproxy-retcat.assets.schwarz/DMlGWAmsoWdVtAV0sxUiiXBfaYpIEPgxqYG2PwNhb_U/sm:1/w:140/cz/M6Ly9wcm9kLWNhd/GFsb2ctbWVkaWEvc2kvMi82RjZFMUM5MzcyMTc5OENFQUU5Nzk3QkJ/DMTRBNjU2QzVCNzA3QjlBRTE2RDI0QjYwNTk0OUFGMUMyOTJDRTQyLnBuZw.png"
      }
    ],
    "ribbons": [],
    "highlighted_seals": 0,
    "lidl_plus": [],
    "regions": [],
    "ians": [
      "5702590"
    ],
    "show_brand": true,
    "deal_of_day_active": false,
    "full_title_meta": "SOLEVITA Ananasov sok",
    "lists": [
      16
    ],
    "preview": false,
    "category_breadcrumbs": [
      {
        "id": "10068374",
        "name": "Hrana in pijača",
        "url": "/c/hrana-in-pijaca/s10068374",
        "hidden": false
      },
      {
        "id": "10071022",
        "name": "Pijače",
        "url": "/h/pijace/h10071022",
        "hidden": false
      }
    ],
    "campaigns": [
      {
        "id": "10025136",
        "name": "Novo v ponudbi",
        "url": "/c/novo-v-ponudbi/a10025136",
        "hidden": false
      }
    ],
    "world_of_needs_code": "1720",
    "world_of_needs_name": "Pijače",
    "world_of_needs_parent": "17",
    "is_main_category": true,
    "super_categories": [
      {
        "code": "17",
        "name": "Hrana in bližnja hrana",
        "parent": "0"
      },
      {
        "code": "0",
        "name": "Svetovi potreb",
        "parent": ""
      }
    ],
    "position": 461,
    "tracking_payload": {
      "searchTrackingMasterId": "Product.10081063",
      "searchTrackingTitle": "Ananasov+sok",
      "searchTrackingPageSize": 100,
      "searchTrackingPage": 5,
      "searchTrackingEvent": "click",
      "list": "search",
      "searchTrackingId": "Product.10081063",
      "searchTrackingOrigPos": 1,
      "searchTrackingPos": 461,
      "searchTrackingOrigPageSize": 100,
      "searchTrackingChannel": "SI",
      "category": "Food"
    }
  },
  {
    "code": "10081064",
    "name": "Kraljestvo živali mlečna čokolada",
    "url": "",
    "result_class": "product",
    "type": "product",
    "product_id": 10081064,
    "erp_number": "10081064",
    "item_id": 10081064,
    "full_title": "KRAŠ Kraljestvo živali mlečna čokolada",
    "title": "Kraljestvo živali mlečna čokolada",
    "category": "Food",
    "product_type": "RETAIL",
    "age_restriction": false,
    "is_used_product": false,
    "multipack": false,
    "online": false,
    "store": true,
    "quick_add_to_cart": false,
    "flash_sales": false,
    "having_videos": false,
    "having_threesixty": false,
    "price": 2.99,
    "old_price": 0.0,
    "currency_code": "EUR",
    "currency_symbol": "€",
    "has_star": true,
    "has_vat": false,
    "price_theme": "white_red",
    "variants_have_different_prices": false,
    "base_price_text": "1 kg = 39.87",
    "base_price_prefix": false,
    "packaging_text": "75 g",
    "discount_deleted_price": null,
    "discount_text": null,
    "discount_percentage": null,
    "discount_has_star": null,
    "show_discount": null,
    "show_percentage": null,
    "from_recommended_price": null,
    "availability_indicator": 0,
    "online_available": false,
    "min_orderable_quantity": 1,
    "orderable_quantities": [],
    "badge_texts": [
      "V trgovini"
    ],
    "badge_types": [
      "IN_STORE"
    ],
    "main_image": "https://imgproxy-retcat.assets.schwarz/EOE7QnY6fP32OmTwQ1b0sjKcm8eUCvKEsTXU3ySL3Pc/sm:1/w:427/h:320/cz/M6Ly9wcm9kLWNhd/GFsb2ctbWVkaWEvaW50LzkxOEZCMjNDMTdBOENGMTdGMkI4MjhDRE/RCQjNCREQ5RUEwRjRDMDVDQUI3NTI3QzREQjcwRkRDODdCNjAyOTQucG5n.png",
    "image_list": [
      "https://imgproxy-retcat.assets.schwarz/EOE7QnY6fP32OmTwQ1b0sjKcm8eUCvKEsTXU3ySL3Pc/sm:1/w:427/h:320/cz/M6Ly9wcm9kLWNhd/GFsb2ctbWVkaWEvaW50LzkxOEZCMjNDMTdBOENGMTdGMkI4MjhDRE/RCQjNCREQ5RUEwRjRDMDVDQUI3NTI3QzREQjcwRkRDODdCNjAyOTQucG5n.png"
    ],
    "image_accessibility": "Kras-ov Bijiiig paket slikanic Živalsko kraljestvo spodbuja fino motoriko.",
    "detailed_images": [
      {
        "url": "https://imgproxy-retcat.assets.schwarz/EOE7QnY6fP32OmTwQ1b0sjKcm8eUCvKEsTXU3ySL3Pc/sm:1/w:427/h:320/cz/M6Ly9wcm9kLWNhd/GFsb2ctbWVkaWEvaW50LzkxOEZCMjNDMTdBOENGMTdGMkI4MjhDRE/RCQjNCREQ5RUEwRjRDMDVDQUI3NTI3QzREQjcwRkRDODdCNjAyOTQucG5n.png",
        "accessibility": "Kras-ov Bijiiig paket slikanic Živalsko kraljestvo spodbuja fino motoriko."
      }
    ],
    "analytics_category": "Food",
    "more_details": "Dodatne podrobnosti o izdelku",
    "won_category_primary": "Svetovi potreb/Hrana in bližnja hrana/Prigrizki in slaščice",
    "won_category_primary_path": "0/17/1721",
    "canonical_path": "/p/kras-kraljestvo-zivali-mlecna-cokolada/p10081064",
    "canonical_url": "/p/kras-kraljestvo-zivali-mlecna-cokolada/p10081064",
    "awards": [],
    "seals": [],
    "ribbons": [],
    "highlighted_seals": 0,
    "lidl_plus": [],
    "regions": [],
    "ians": [
      "6907242"
    ],
    "show_brand": true,
    "deal_of_day_active": false,
    "full_title_meta": "KRAŠ Kraljestvo živali mlečna čokolada",
    "lists": [
      16
    ],
    "preview": false,
    "category_breadcrumbs": [
      {
        "id": "10068374",
        "name": "Hrana in pijača",
        "url": "/c/hrana-in-pijaca/s10068374",
        "hidden": false
      },
      {
        "id": "10071044",
        "name": "Prigrizki in sladkarije",
        "url": "/h/prigrizki-in-sladkarije/h10071044",
        "hidden": false
      }
    ],
    "campaigns": [
      {
        "id": "10025136",
        "name": "Novo v ponudbi",
        "url": "/c/novo-v-ponudbi/a10025136",
        "hidden": false
      }
    ],
    "world_of_needs_code": "1721",
    "world_of_needs_name": "Prigrizki in slaščice",
    "world_of_needs_parent": "17",
    "is_main_category": true,
    "super_categories": [
      {
        "code": "17",
        "name": "Hrana in bližnja hrana",
        "parent": "0"
      },
      {
        "code": "0",
        "name": "Svetovi potreb",
        "parent": ""
      }
    ],
    "position": 462,
    "tracking_payload": {
      "searchTrackingMasterId": "Product.10081064",
      "searchTrackingTitle": "Kraljestvo+%C5%BEivali+mle%C4%8Dna+%C4%8Dokolada",
      "searchTrackingPageSize": 100,
      "searchTrackingPage": 5,
      "searchTrackingEvent": "click",
      "list": "search",
      "searchTrackingId": "Product.10081064",
      "searchTrackingOrigPos": 1,
      "searchTrackingPos": 462,
      "searchTrackingOrigPageSize": 100,
      "searchTrackingChannel": "SI",
      "category": "Food"
    }
  },
  {
    "code": "10081722",
    "name": "Peresnica",
    "url": "",
    "result_class": "product",
    "type": "product",
    "product_id": 10081722,
    "erp_number": "10081722",
    "item_id": 10081722,
    "full_title": "UNDERCOVER Peresnica",
    "title": "Peresnica",
    "category": "Nonfood",
    "product_type": "RETAIL_HEAD",
    "age_restriction": false,
    "is_used_product": false,
    "multipack": false,
    "online": false,
    "store": true,
    "quick_add_to_cart": false,
    "flash_sales": false,
    "having_videos": false,
    "having_threesixty": false,
    "price": 9.99,
    "old_price": null,
    "currency_code": "EUR",
    "currency_symbol": "€",
    "has_star": true,
    "has_vat": false,
    "price_theme": "white_red",
    "variants_have_different_prices": false,
    "base_price_text": null,
    "base_price_prefix": null,
    "packaging_text": "kompl.",
    "discount_deleted_price": null,
    "discount_text": null,
    "discount_percentage": null,
    "discount_has_star": null,
    "show_discount": null,
    "show_percentage": null,
    "from_recommended_price": null,
    "availability_indicator": 0,
    "online_available": false,
    "min_orderable_quantity": 0,
    "orderable_quantities": [],
    "badge_texts": [
      "V trgovini od 30.06. do 08.09."
    ],
    "badge_types": [
      "IN_STORE_PAST_DATE_RANGE"
    ],
    "main_image": "https://imgproxy-retcat.assets.schwarz/eVqjhYqJwIFpUABzMZOX-udBQKLg0vmiLGnStx8DMHE/sm:1/w:427/h:320/cz/M6Ly9wcm9kLWNhd/GFsb2ctbWVkaWEvc2kvMS9CMEFGQ0I2QjQ1NTc4QkQzRkE0RDhDQkM/4MUY2MTQwQzBDMkI2RDQ3REZFNTAyQzBDMzc1OTA3OTZFNTQyMTkyLmpwZw.jpg",
    "image_list": [
      "https://imgproxy-retcat.assets.schwarz/eVqjhYqJwIFpUABzMZOX-udBQKLg0vmiLGnStx8DMHE/sm:1/w:427/h:320/cz/M6Ly9wcm9kLWNhd/GFsb2ctbWVkaWEvc2kvMS9CMEFGQ0I2QjQ1NTc4QkQzRkE0RDhDQkM/4MUY2MTQwQzBDMkI2RDQ3REZFNTAyQzBDMzc1OTA3OTZFNTQyMTkyLmpwZw.jpg",
      "https://imgproxy-retcat.assets.schwarz/nJBjLCI-tZpxOhG2VFAjbJNXOPHaxs6ilvUEHQwQsqc/sm:1/w:427/h:320/cz/M6Ly9wcm9kLWNhd/GFsb2ctbWVkaWEvc2kvMS85NEE5N0UwNkRDQTY2ODQzOTI3ODc3QTg/xOUREQUU4MUEzRURCNzEyNUQwNEUwRkYzNEJERTk2ODVBQUIxQkQ3LmpwZw.jpg",
      "https://imgproxy-retcat.assets.schwarz/NnngNdOLYHoXTGoUgpU_L19kDIfBZQiOcMMC5h_xdI4/sm:1/w:427/h:320/cz/M6Ly9wcm9kLWNhd/GFsb2ctbWVkaWEvaW50L0UzREU5QTRFMDFDNjcwNzVFNjVEMTM5OD/AzNzlFMERDNEY0MTIyNzhGNzU1NzNEOEZERTc2NDVEOTcyQjhFQkMucG5n.png"
    ],
    "image_accessibility": "Šolske torbice z liki iz risank, kot so Stitch, Spiderman in Moana.",
    "detailed_images": [
      {
        "url": "https://imgproxy-retcat.assets.schwarz/eVqjhYqJwIFpUABzMZOX-udBQKLg0vmiLGnStx8DMHE/sm:1/w:427/h:320/cz/M6Ly9wcm9kLWNhd/GFsb2ctbWVkaWEvc2kvMS9CMEFGQ0I2QjQ1NTc4QkQzRkE0RDhDQkM/4MUY2MTQwQzBDMkI2RDQ3REZFNTAyQzBDMzc1OTA3OTZFNTQyMTkyLmpwZw.jpg",
        "accessibility": "Šolske torbice z liki iz risank, kot so Stitch, Spiderman in Moana."
      },
      {
        "url": "https://imgproxy-retcat.assets.schwarz/nJBjLCI-tZpxOhG2VFAjbJNXOPHaxs6ilvUEHQwQsqc/sm:1/w:427/h:320/cz/M6Ly9wcm9kLWNhd/GFsb2ctbWVkaWEvc2kvMS85NEE5N0UwNkRDQTY2ODQzOTI3ODc3QTg/xOUREQUU4MUEzRURCNzEyNUQwNEUwRkYzNEJERTk2ODVBQUIxQkQ3LmpwZw.jpg",
        "accessibility": "Komplet šolskih potrebščin v svetlo modri torbici, vključno s škarjami in barvicami."
      },
      {
        "url": "https://imgproxy-retcat.assets.schwarz/NnngNdOLYHoXTGoUgpU_L19kDIfBZQiOcMMC5h_xdI4/sm:1/w:427/h:320/cz/M6Ly9wcm9kLWNhd/GFsb2ctbWVkaWEvaW50L0UzREU5QTRFMDFDNjcwNzVFNjVEMTM5OD/AzNzlFMERDNEY0MTIyNzhGNzU1NzNEOEZERTc2NDVEOTcyQjhFQkMucG5n.png",
        "accessibility": "Trojni etui Stitch Disney s tropskim vzorcem."
      }
    ],
    "analytics_category": "Nonfood",
    "more_details": "Dodatne podrobnosti o izdelku",
    "won_category_primary": "Svetovi potreb/Hrana in bližnja hrana/Drogerija - higiena, otroška hrana, kozmetika, čistila",
    "won_category_primary_path": "0/17/1723",
    "canonical_path": "/p/undercover-peresnica/p10081722",
    "canonical_url": "/p/undercover-peresnica/p10081722",
    "awards": [],
    "seals": [],
    "ribbons": [
      {
        "type": "SPECIAL_DESCRIPTION",
        "text": "IZDELEK ŽAL NI NA VOLJO",
        "theme": "red"
      }
    ],
    "highlighted_seals": 0,
    "lidl_plus": [],
    "regions": [],
    "ians": [
      "479216"
    ],
    "show_brand": true,
    "deal_of_day_active": false,
    "full_title_meta": "UNDERCOVER Peresnica",
    "lists": [
      4996
    ],
    "preview": false,
    "category_breadcrumbs": [
      {
        "id": "10068374",
        "name": "Hrana in pijača",
        "url": "/c/hrana-in-pijaca/s10068374",
        "hidden": false
      },
      {
        "id": "10071019",
        "name": "Osebna nega",
        "url": "/h/osebna-nega/h10071019",
        "hidden": false
      }
    ],
    "campaigns": [
      {
        "id": "Current_Sales_Week",
        "name": "Ta teden",
        "url": null,
        "hidden": false
      },
      {
        "id": "10074399",
        "name": "Vse za šolo",
        "url": "/c/vse-za-solo/a10074399",
        "hidden": false
      }
    ],
    "world_of_needs_code": "1723",
    "world_of_needs_name": "Drogerija - higiena, otroška hrana, kozmetika, čistila",
    "world_of_needs_parent": "17",
    "is_main_category": true,
    "super_categories": [
      {
        "code": "17",
        "name": "Hrana in bližnja hrana",
        "parent": "0"
      },
      {
        "code": "0",
        "name": "Svetovi potreb",
        "parent": ""
      }
    ],
    "position": 463,
    "tracking_payload": {
      "searchTrackingMasterId": "Product.10081722",
      "searchTrackingTitle": "Peresnica",
      "searchTrackingPageSize": 100,
      "searchTrackingPage": 5,
      "searchTrackingEvent": "click",
      "list": "search",
      "searchTrackingId": "Product.10081722",
      "searchTrackingOrigPos": 1,
      "searchTrackingPos": 463,
      "searchTrackingOrigPageSize": 100,
      "searchTrackingChannel": "SI",
      "category": "Nonfood"
    }
  },
  {
    "code": "10078725",
    "name": "Cvetlični med",
    "url": "",
    "result_class": "product",
    "type": "product",
    "product_id": 10078725,
    "erp_number": "10078725",
    "item_id": 10078725,
    "full_title": "MERIBEL Cvetlični med",
    "title": "Cvetlični med",
    "category": "Food",
    "product_type": "RETAIL",
    "age_restriction": false,
    "is_used_product": false,
    "multipack": false,
    "online": false,
    "store": true,
    "quick_add_to_cart": false,
    "flash_sales": false,
    "having_videos": false,
    "having_threesixty": false,
    "price": 5.19,
    "old_price": 5.49,
    "currency_code": "EUR",
    "currency_symbol": "€",
    "has_star": true,
    "has_vat": false,
    "price_theme": "white_red",
    "variants_have_different_prices": false,
    "base_price_text": "1 kg = 5.77",
    "base_price_prefix": false,
    "packaging_text": "900 g",
    "discount_deleted_price": 5.49,
    "discount_text": "CENEJE!",
    "discount_percentage": 5,
    "discount_has_star": false,
    "show_discount": true,
    "show_percentage": false,
    "from_recommended_price": false,
    "availability_indicator": 0,
    "online_available": false,
    "min_orderable_quantity": 1,
    "orderable_quantities": [],
    "badge_texts": [
      "V trgovini od 16.05."
    ],
    "badge_types": [
      "IN_STORE_FROM_DATE_PAST"
    ],
    "main_image": "https://imgproxy-retcat.assets.schwarz/iKL2oNETq8x7OT69rFxDCtvtiBUJq78fZ4duX0tTDkE/sm:1/w:427/h:320/cz/M6Ly9wcm9kLWNhd/GFsb2ctbWVkaWEvaW50LzBCMzhFNThDNUQzNjUyNEU3MDRCNTY1Qj/BCRkI3NTkzNzIyRjI2NkY0RDg1M0VEMjQ2RTg2QzNDNzkxQjNCNzgucG5n.png",
    "image_list": [
      "https://imgproxy-retcat.assets.schwarz/iKL2oNETq8x7OT69rFxDCtvtiBUJq78fZ4duX0tTDkE/sm:1/w:427/h:320/cz/M6Ly9wcm9kLWNhd/GFsb2ctbWVkaWEvaW50LzBCMzhFNThDNUQzNjUyNEU3MDRCNTY1Qj/BCRkI3NTkzNzIyRjI2NkY0RDg1M0VEMjQ2RTg2QzNDNzkxQjNCNzgucG5n.png"
    ],
    "image_accessibility": "Maribel cvetlični med v steklenem kozarcu.",
    "detailed_images": [
      {
        "url": "https://imgproxy-retcat.assets.schwarz/iKL2oNETq8x7OT69rFxDCtvtiBUJq78fZ4duX0tTDkE/sm:1/w:427/h:320/cz/M6Ly9wcm9kLWNhd/GFsb2ctbWVkaWEvaW50LzBCMzhFNThDNUQzNjUyNEU3MDRCNTY1Qj/BCRkI3NTkzNzIyRjI2NkY0RDg1M0VEMjQ2RTg2QzNDNzkxQjNCNzgucG5n.png",
        "accessibility": "Maribel cvetlični med v steklenem kozarcu."
      }
    ],
    "analytics_category": "Food",
    "more_details": "Dodatne podrobnosti o izdelku",
    "won_category_primary": "Svetovi potreb/Hrana in bližnja hrana/Džem, marmelada in med",
    "won_category_primary_path": "0/17/1712",
    "canonical_path": "/p/meribel-cvetlicni-med/p10078725",
    "canonical_url": "/p/meribel-cvetlicni-med/p10078725",
    "awards": [],
    "seals": [],
    "ribbons": [],
    "highlighted_seals": 0,
    "lidl_plus": [],
    "regions": [],
    "ians": [
      "6400268"
    ],
    "show_brand": true,
    "deal_of_day_active": false,
    "full_title_meta": "MERIBEL Cvetlični med",
    "lists": [
      1651
    ],
    "preview": false,
    "category_breadcrumbs": [
      {
        "id": "10068374",
        "name": "Hrana in pijača",
        "url": "/c/hrana-in-pijaca/s10068374",
        "hidden": false
      },
      {
        "id": "10071684",
        "name": "Džemi in namazi",
        "url": "/h/dzemi-in-namazi/h10071684",
        "hidden": false
      }
    ],
    "campaigns": [
      {
        "id": "Current_Sales_Week",
        "name": "Ta teden",
        "url": null,
        "hidden": false
      },
      {
        "id": "10025137",
        "name": "Znižano vsaj tri mesece",
        "url": "/c/znizano-vsaj-tri-mesece/a10025137",
        "hidden": false
      }
    ],
    "world_of_needs_code": "1712",
    "world_of_needs_name": "Džem, marmelada in med",
    "world_of_needs_parent": "17",
    "is_main_category": true,
    "super_categories": [
      {
        "code": "17",
        "name": "Hrana in bližnja hrana",
        "parent": "0"
      },
      {
        "code": "0",
        "name": "Svetovi potreb",
        "parent": ""
      }
    ],
    "position": 464,
    "tracking_payload": {
      "searchTrackingMasterId": "Product.10078725",
      "searchTrackingTitle": "Cvetli%C4%8Dni+med",
      "searchTrackingPageSize": 100,
      "searchTrackingPage": 5,
      "searchTrackingEvent": "click",
      "list": "search",
      "searchTrackingId": "Product.10078725",
      "searchTrackingOrigPos": 1,
      "searchTrackingPos": 464,
      "searchTrackingOrigPageSize": 100,
      "searchTrackingChannel": "SI",
      "category": "Food"
    }
  },
  {
    "code": "10078726",
    "name": "Kavne kapsule Lungo",
    "url": "",
    "result_class": "product",
    "type": "product",
    "product_id": 10078726,
    "erp_number": "10078726",
    "item_id": 10078726,
    "full_title": "BELLAROM Kavne kapsule Lungo",
    "title": "Kavne kapsule Lungo",
    "category": "Food",
    "product_type": "RETAIL",
    "age_restriction": false,
    "is_used_product": false,
    "multipack": false,
    "online": false,
    "store": true,
    "quick_add_to_cart": false,
    "flash_sales": false,
    "having_videos": false,
    "having_threesixty": false,
    "price": 3.79,
    "old_price": 3.99,
    "currency_code": "EUR",
    "currency_symbol": "€",
    "has_star": true,
    "has_vat": false,
    "price_theme": "white_red",
    "variants_have_different_prices": false,
    "base_price_text": "1 kg = 33.84",
    "base_price_prefix": false,
    "packaging_text": "112 g",
    "discount_deleted_price": 3.99,
    "discount_text": "CENEJE!",
    "discount_percentage": 5,
    "discount_has_star": false,
    "show_discount": true,
    "show_percentage": false,
    "from_recommended_price": false,
    "availability_indicator": 0,
    "online_available": false,
    "min_orderable_quantity": 1,
    "orderable_quantities": [],
    "badge_texts": [
      "V trgovini od 16.05."
    ],
    "badge_types": [
      "IN_STORE_FROM_DATE_PAST"
    ],
    "main_image": "https://imgproxy-retcat.assets.schwarz/K4R3MdU2XAjgE0VnZq_vs647RUVANSyXJf7UN6tB8Cc/sm:1/w:427/h:320/cz/M6Ly9wcm9kLWNhd/GFsb2ctbWVkaWEvaW50L0YwQkEyNzEwQzU3REQyNEIzNkY1RDMxME/FDNkJCMTIxMDY5RjM5QTgyOTkyM0YyMDE2ODA0MDQ0OTU0QTlDQzYucG5n.png",
    "image_list": [
      "https://imgproxy-retcat.assets.schwarz/K4R3MdU2XAjgE0VnZq_vs647RUVANSyXJf7UN6tB8Cc/sm:1/w:427/h:320/cz/M6Ly9wcm9kLWNhd/GFsb2ctbWVkaWEvaW50L0YwQkEyNzEwQzU3REQyNEIzNkY1RDMxME/FDNkJCMTIxMDY5RjM5QTgyOTkyM0YyMDE2ODA0MDQ0OTU0QTlDQzYucG5n.png"
    ],
    "image_accessibility": "Bellarom Lungo kapsule, združljive z Nescafé Dolce Gusto.",
    "detailed_images": [
      {
        "url": "https://imgproxy-retcat.assets.schwarz/K4R3MdU2XAjgE0VnZq_vs647RUVANSyXJf7UN6tB8Cc/sm:1/w:427/h:320/cz/M6Ly9wcm9kLWNhd/GFsb2ctbWVkaWEvaW50L0YwQkEyNzEwQzU3REQyNEIzNkY1RDMxME/FDNkJCMTIxMDY5RjM5QTgyOTkyM0YyMDE2ODA0MDQ0OTU0QTlDQzYucG5n.png",
        "accessibility": "Bellarom Lungo kapsule, združljive z Nescafé Dolce Gusto."
      }
    ],
    "analytics_category": "Food",
    "more_details": "Dodatne podrobnosti o izdelku",
    "won_category_primary": "Svetovi potreb/Hrana in bližnja hrana/Kava, čaj in kakav",
    "won_category_primary_path": "0/17/1730",
    "canonical_path": "/p/bellarom-kavne-kapsule-lungo/p10078726",
    "canonical_url": "/p/bellarom-kavne-kapsule-lungo/p10078726",
    "awards": [],
    "seals": [
      {
        "altText": "Žig Rainforest Alliance: Ljudje & Narava",
        "image": "https://imgproxy-retcat.assets.schwarz/7mJEQYeFMF1u47YsCLb0QG4qkOITjGsXSTMTu8wETXM/sm:1/w:140/cz/M6Ly9wcm9kLWNhd/GFsb2ctbWVkaWEvc2kvMi82MjIyMzMxOEI0MjM3MTMxQ0QwOEZCOUE/wQjczOTU0NkJERENGODJGQjFCOTk4NDE2NjY0ODkyRTU2RDQzMTEwLnBuZw.png"
      }
    ],
    "ribbons": [],
    "highlighted_seals": 0,
    "lidl_plus": [],
    "regions": [],
    "ians": [
      "142599"
    ],
    "show_brand": true,
    "deal_of_day_active": false,
    "full_title_meta": "BELLAROM Kavne kapsule Lungo",
    "lists": [
      1651
    ],
    "preview": false,
    "category_breadcrumbs": [
      {
        "id": "10068374",
        "name": "Hrana in pijača",
        "url": "/c/hrana-in-pijaca/s10068374",
        "hidden": false
      },
      {
        "id": "10071683",
        "name": "Kava, čaj in kakav",
        "url": "/h/kava-caj-in-kakav/h10071683",
        "hidden": false
      }
    ],
    "campaigns": [
      {
        "id": "Current_Sales_Week",
        "name": "Ta teden",
        "url": null,
        "hidden": false
      },
      {
        "id": "10025137",
        "name": "Znižano vsaj tri mesece",
        "url": "/c/znizano-vsaj-tri-mesece/a10025137",
        "hidden": false
      }
    ],
    "world_of_needs_code": "1730",
    "world_of_needs_name": "Kava, čaj in kakav",
    "world_of_needs_parent": "17",
    "is_main_category": true,
    "super_categories": [
      {
        "code": "17",
        "name": "Hrana in bližnja hrana",
        "parent": "0"
      },
      {
        "code": "0",
        "name": "Svetovi potreb",
        "parent": ""
      }
    ],
    "position": 465,
    "tracking_payload": {
      "searchTrackingMasterId": "Product.10078726",
      "searchTrackingTitle": "Kavne+kapsule+Lungo",
      "searchTrackingPageSize": 100,
      "searchTrackingPage": 5,
      "searchTrackingEvent": "click",
      "list": "search",
      "searchTrackingId": "Product.10078726",
      "searchTrackingOrigPos": 1,
      "searchTrackingPos": 465,
      "searchTrackingOrigPageSize": 100,
      "searchTrackingChannel": "SI",
      "category": "Food"
    }
  },
  {
    "code": "10078727",
    "name": "Kavne kapsule Latte Macchiato",
    "url": "",
    "result_class": "product",
    "type": "product",
    "product_id": 10078727,
    "erp_number": "10078727",
    "item_id": 10078727,
    "full_title": "BELLAROM Kavne kapsule Latte Macchiato",
    "title": "Kavne kapsule Latte Macchiato",
    "category": "Food",
    "product_type": "RETAIL",
    "age_restriction": false,
    "is_used_product": false,
    "multipack": false,
    "online": false,
    "store": true,
    "quick_add_to_cart": false,
    "flash_sales": false,
    "having_videos": false,
    "having_threesixty": false,
    "price": 3.79,
    "old_price": 3.99,
    "currency_code": "EUR",
    "currency_symbol": "€",
    "has_star": true,
    "has_vat": false,
    "price_theme": "white_red",
    "variants_have_different_prices": false,
    "base_price_text": "1 kg = 19.50",
    "base_price_prefix": false,
    "packaging_text": "194,4 g",
    "discount_deleted_price": 3.99,
    "discount_text": "CENEJE!",
    "discount_percentage": 5,
    "discount_has_star": false,
    "show_discount": true,
    "show_percentage": false,
    "from_recommended_price": false,
    "availability_indicator": 0,
    "online_available": false,
    "min_orderable_quantity": 1,
    "orderable_quantities": [],
    "badge_texts": [
      "V trgovini od 16.05."
    ],
    "badge_types": [
      "IN_STORE_FROM_DATE_PAST"
    ],
    "main_image": "https://imgproxy-retcat.assets.schwarz/h77pEuFjs5sihCczjrv9-wJidytMjvZxBXjhmQkemjc/sm:1/w:427/h:320/cz/M6Ly9wcm9kLWNhd/GFsb2ctbWVkaWEvaW50L0NFNzE4ODIwODFGMTQxRjJCQzVEQ0YwOU/UyQzkzMUQxMTZDNkM3RTM1Rjg2QThCNzYyMjY2MTBCMjlFOTAyNzcucG5n.png",
    "image_list": [
      "https://imgproxy-retcat.assets.schwarz/h77pEuFjs5sihCczjrv9-wJidytMjvZxBXjhmQkemjc/sm:1/w:427/h:320/cz/M6Ly9wcm9kLWNhd/GFsb2ctbWVkaWEvaW50L0NFNzE4ODIwODFGMTQxRjJCQzVEQ0YwOU/UyQzkzMUQxMTZDNkM3RTM1Rjg2QThCNzYyMjY2MTBCMjlFOTAyNzcucG5n.png"
    ],
    "image_accessibility": "Bellarom Latte Macchiato kapsule za Nescafé Dolce Gusto, kava in sladkano mleko.",
    "detailed_images": [
      {
        "url": "https://imgproxy-retcat.assets.schwarz/h77pEuFjs5sihCczjrv9-wJidytMjvZxBXjhmQkemjc/sm:1/w:427/h:320/cz/M6Ly9wcm9kLWNhd/GFsb2ctbWVkaWEvaW50L0NFNzE4ODIwODFGMTQxRjJCQzVEQ0YwOU/UyQzkzMUQxMTZDNkM3RTM1Rjg2QThCNzYyMjY2MTBCMjlFOTAyNzcucG5n.png",
        "accessibility": "Bellarom Latte Macchiato kapsule za Nescafé Dolce Gusto, kava in sladkano mleko."
      }
    ],
    "analytics_category": "Food",
    "more_details": "Dodatne podrobnosti o izdelku",
    "won_category_primary": "Svetovi potreb/Hrana in bližnja hrana/Kava, čaj in kakav",
    "won_category_primary_path": "0/17/1730",
    "canonical_path": "/p/bellarom-kavne-kapsule-latte-macchiato/p10078727",
    "canonical_url": "/p/bellarom-kavne-kapsule-latte-macchiato/p10078727",
    "awards": [],
    "seals": [
      {
        "altText": "Žig Rainforest Alliance: Ljudje & Narava",
        "image": "https://imgproxy-retcat.assets.schwarz/7mJEQYeFMF1u47YsCLb0QG4qkOITjGsXSTMTu8wETXM/sm:1/w:140/cz/M6Ly9wcm9kLWNhd/GFsb2ctbWVkaWEvc2kvMi82MjIyMzMxOEI0MjM3MTMxQ0QwOEZCOUE/wQjczOTU0NkJERENGODJGQjFCOTk4NDE2NjY0ODkyRTU2RDQzMTEwLnBuZw.png"
      }
    ],
    "ribbons": [],
    "highlighted_seals": 0,
    "lidl_plus": [],
    "regions": [],
    "ians": [
      "155512"
    ],
    "show_brand": true,
    "deal_of_day_active": false,
    "full_title_meta": "BELLAROM Kavne kapsule Latte Macchiato",
    "lists": [
      1651
    ],
    "preview": false,
    "category_breadcrumbs": [
      {
        "id": "10068374",
        "name": "Hrana in pijača",
        "url": "/c/hrana-in-pijaca/s10068374",
        "hidden": false
      },
      {
        "id": "10071683",
        "name": "Kava, čaj in kakav",
        "url": "/h/kava-caj-in-kakav/h10071683",
        "hidden": false
      }
    ],
    "campaigns": [
      {
        "id": "Current_Sales_Week",
        "name": "Ta teden",
        "url": null,
        "hidden": false
      },
      {
        "id": "10025137",
        "name": "Znižano vsaj tri mesece",
        "url": "/c/znizano-vsaj-tri-mesece/a10025137",
        "hidden": false
      }
    ],
    "world_of_needs_code": "1730",
    "world_of_needs_name": "Kava, čaj in kakav",
    "world_of_needs_parent": "17",
    "is_main_category": true,
    "super_categories": [
      {
        "code": "17",
        "name": "Hrana in bližnja hrana",
        "parent": "0"
      },
      {
        "code": "0",
        "name": "Svetovi potreb",
        "parent": ""
      }
    ],
    "position": 466,
    "tracking_payload": {
      "searchTrackingMasterId": "Product.10078727",
      "searchTrackingTitle": "Kavne+kapsule+Latte+Macchiato",
      "searchTrackingPageSize": 100,
      "searchTrackingPage": 5,
      "searchTrackingEvent": "click",
      "list": "search",
      "searchTrackingId": "Product.10078727",
      "searchTrackingOrigPos": 1,
      "searchTrackingPos": 466,
      "searchTrackingOrigPageSize": 100,
      "searchTrackingChannel": "SI",
      "category": "Food"
    }
  },
  {
    "code": "10078728",
    "name": "Kavne kapsule Cafe au Lait",
    "url": "",
    "result_class": "product",
    "type": "product",
    "product_id": 10078728,
    "erp_number": "10078728",
    "item_id": 10078728,
    "full_title": "BELLAROM Kavne kapsule Cafe au Lait",
    "title": "Kavne kapsule Cafe au Lait",
    "category": "Food",
    "product_type": "RETAIL",
    "age_restriction": false,
    "is_used_product": false,
    "multipack": false,
    "online": false,
    "store": true,
    "quick_add_to_cart": false,
    "flash_sales": false,
    "having_videos": false,
    "having_threesixty": false,
    "price": 3.79,
    "old_price": 3.99,
    "currency_code": "EUR",
    "currency_symbol": "€",
    "has_star": true,
    "has_vat": false,
    "price_theme": "white_red",
    "variants_have_different_prices": false,
    "base_price_text": "1 kg = 23.69",
    "base_price_prefix": false,
    "packaging_text": "160 g",
    "discount_deleted_price": 3.99,
    "discount_text": "CENEJE!",
    "discount_percentage": 5,
    "discount_has_star": false,
    "show_discount": true,
    "show_percentage": false,
    "from_recommended_price": false,
    "availability_indicator": 0,
    "online_available": false,
    "min_orderable_quantity": 1,
    "orderable_quantities": [],
    "badge_texts": [
      "V trgovini od 16.05."
    ],
    "badge_types": [
      "IN_STORE_FROM_DATE_PAST"
    ],
    "main_image": "https://imgproxy-retcat.assets.schwarz/-fVvqAnMe1ksjQcNEeLRh6Zvdj8r6FKcRwknXNvKRHA/sm:1/w:427/h:320/cz/M6Ly9wcm9kLWNhd/GFsb2ctbWVkaWEvaW50LzdGRkRBNzBGQzNFQUJEQzNFRkEyRUQ5Mj/A3MUZDMjFGMThCNkQ0MkEwRjkwNUQ3MTg3QTcyQUNBRkM4ODNDMEYucG5n.png",
    "image_list": [
      "https://imgproxy-retcat.assets.schwarz/-fVvqAnMe1ksjQcNEeLRh6Zvdj8r6FKcRwknXNvKRHA/sm:1/w:427/h:320/cz/M6Ly9wcm9kLWNhd/GFsb2ctbWVkaWEvaW50LzdGRkRBNzBGQzNFQUJEQzNFRkEyRUQ5Mj/A3MUZDMjFGMThCNkQ0MkEwRjkwNUQ3MTg3QTcyQUNBRkM4ODNDMEYucG5n.png"
    ],
    "image_accessibility": "Bellarom Café au Lait: 16 kapsul kavnih zrn, združljivih z Nescafé Dolce Gusto.",
    "detailed_images": [
      {
        "url": "https://imgproxy-retcat.assets.schwarz/-fVvqAnMe1ksjQcNEeLRh6Zvdj8r6FKcRwknXNvKRHA/sm:1/w:427/h:320/cz/M6Ly9wcm9kLWNhd/GFsb2ctbWVkaWEvaW50LzdGRkRBNzBGQzNFQUJEQzNFRkEyRUQ5Mj/A3MUZDMjFGMThCNkQ0MkEwRjkwNUQ3MTg3QTcyQUNBRkM4ODNDMEYucG5n.png",
        "accessibility": "Bellarom Café au Lait: 16 kapsul kavnih zrn, združljivih z Nescafé Dolce Gusto."
      }
    ],
    "analytics_category": "Food",
    "more_details": "Dodatne podrobnosti o izdelku",
    "won_category_primary": "Svetovi potreb/Hrana in bližnja hrana/Kava, čaj in kakav",
    "won_category_primary_path": "0/17/1730",
    "canonical_path": "/p/bellarom-kavne-kapsule-cafe-au-lait/p10078728",
    "canonical_url": "/p/bellarom-kavne-kapsule-cafe-au-lait/p10078728",
    "awards": [],
    "seals": [
      {
        "altText": "Žig Rainforest Alliance: Ljudje & Narava",
        "image": "https://imgproxy-retcat.assets.schwarz/7mJEQYeFMF1u47YsCLb0QG4qkOITjGsXSTMTu8wETXM/sm:1/w:140/cz/M6Ly9wcm9kLWNhd/GFsb2ctbWVkaWEvc2kvMi82MjIyMzMxOEI0MjM3MTMxQ0QwOEZCOUE/wQjczOTU0NkJERENGODJGQjFCOTk4NDE2NjY0ODkyRTU2RDQzMTEwLnBuZw.png"
      }
    ],
    "ribbons": [],
    "highlighted_seals": 0,
    "lidl_plus": [],
    "regions": [],
    "ians": [
      "142604"
    ],
    "show_brand": true,
    "deal_of_day_active": false,
    "full_title_meta": "BELLAROM Kavne kapsule Cafe au Lait",
    "lists": [
      1651
    ],
    "preview": false,
    "category_breadcrumbs": [
      {
        "id": "10068374",
        "name": "Hrana in pijača",
        "url": "/c/hrana-in-pijaca/s10068374",
        "hidden": false
      },
      {
        "id": "10071683",
        "name": "Kava, čaj in kakav",
        "url": "/h/kava-caj-in-kakav/h10071683",
        "hidden": false
      }
    ],
    "campaigns": [
      {
        "id": "Current_Sales_Week",
        "name": "Ta teden",
        "url": null,
        "hidden": false
      },
      {
        "id": "10025137",
        "name": "Znižano vsaj tri mesece",
        "url": "/c/znizano-vsaj-tri-mesece/a10025137",
        "hidden": false
      }
    ],
    "world_of_needs_code": "1730",
    "world_of_needs_name": "Kava, čaj in kakav",
    "world_of_needs_parent": "17",
    "is_main_category": true,
    "super_categories": [
      {
        "code": "17",
        "name": "Hrana in bližnja hrana",
        "parent": "0"
      },
      {
        "code": "0",
        "name": "Svetovi potreb",
        "parent": ""
      }
    ],
    "position": 467,
    "tracking_payload": {
      "searchTrackingMasterId": "Product.10078728",
      "searchTrackingTitle": "Kavne+kapsule+Cafe+au+Lait",
      "searchTrackingPageSize": 100,
      "searchTrackingPage": 5,
      "searchTrackingEvent": "click",
      "list": "search",
      "searchTrackingId": "Product.10078728",
      "searchTrackingOrigPos": 1,
      "searchTrackingPos": 467,
      "searchTrackingOrigPageSize": 100,
      "searchTrackingChannel": "SI",
      "category": "Food"
    }
  },
  {
    "code": "10078729",
    "name": "Kavne kapsule Cappuccino",
    "url": "",
    "result_class": "product",
    "type": "product",
    "product_id": 10078729,
    "erp_number": "10078729",
    "item_id": 10078729,
    "full_title": "BELLAROM Kavne kapsule Cappuccino",
    "title": "Kavne kapsule Cappuccino",
    "category": "Food",
    "product_type": "RETAIL",
    "age_restriction": false,
    "is_used_product": false,
    "multipack": false,
    "online": false,
    "store": true,
    "quick_add_to_cart": false,
    "flash_sales": false,
    "having_videos": false,
    "having_threesixty": false,
    "price": 3.79,
    "old_price": 3.99,
    "currency_code": "EUR",
    "currency_symbol": "€",
    "has_star": true,
    "has_vat": false,
    "price_theme": "white_red",
    "variants_have_different_prices": false,
    "base_price_text": "1 kg = 20.33",
    "base_price_prefix": false,
    "packaging_text": "186,4 g",
    "discount_deleted_price": 3.99,
    "discount_text": "CENEJE!",
    "discount_percentage": 5,
    "discount_has_star": false,
    "show_discount": true,
    "show_percentage": false,
    "from_recommended_price": false,
    "availability_indicator": 0,
    "online_available": false,
    "min_orderable_quantity": 1,
    "orderable_quantities": [],
    "badge_texts": [
      "V trgovini od 16.05."
    ],
    "badge_types": [
      "IN_STORE_FROM_DATE_PAST"
    ],
    "main_image": "https://imgproxy-retcat.assets.schwarz/4_r6kS3J51weHjC403o-2333VXHyxDWSSprSNFqdU18/sm:1/w:427/h:320/cz/M6Ly9wcm9kLWNhd/GFsb2ctbWVkaWEvaW50LzkxM0REQjI1RTMwMDQ3QjZERTdCNDQ0MU/U4RTYzNDI1RjI0NEM0RkYyRkE3Q0I1M0UyQkVCNkE5NUMwMjM4NTAucG5n.png",
    "image_list": [
      "https://imgproxy-retcat.assets.schwarz/4_r6kS3J51weHjC403o-2333VXHyxDWSSprSNFqdU18/sm:1/w:427/h:320/cz/M6Ly9wcm9kLWNhd/GFsb2ctbWVkaWEvaW50LzkxM0REQjI1RTMwMDQ3QjZERTdCNDQ0MU/U4RTYzNDI1RjI0NEM0RkYyRkE3Q0I1M0UyQkVCNkE5NUMwMjM4NTAucG5n.png"
    ],
    "image_accessibility": "Bellarom Cappuccino kapsule, združljive z Nescafé Dolce Gusto.",
    "detailed_images": [
      {
        "url": "https://imgproxy-retcat.assets.schwarz/4_r6kS3J51weHjC403o-2333VXHyxDWSSprSNFqdU18/sm:1/w:427/h:320/cz/M6Ly9wcm9kLWNhd/GFsb2ctbWVkaWEvaW50LzkxM0REQjI1RTMwMDQ3QjZERTdCNDQ0MU/U4RTYzNDI1RjI0NEM0RkYyRkE3Q0I1M0UyQkVCNkE5NUMwMjM4NTAucG5n.png",
        "accessibility": "Bellarom Cappuccino kapsule, združljive z Nescafé Dolce Gusto."
      }
    ],
    "analytics_category": "Food",
    "more_details": "Dodatne podrobnosti o izdelku",
    "won_category_primary": "Svetovi potreb/Hrana in bližnja hrana/Kava, čaj in kakav",
    "won_category_primary_path": "0/17/1730",
    "canonical_path": "/p/bellarom-kavne-kapsule-cappuccino/p10078729",
    "canonical_url": "/p/bellarom-kavne-kapsule-cappuccino/p10078729",
    "awards": [],
    "seals": [
      {
        "altText": "Žig Rainforest Alliance: Ljudje & Narava",
        "image": "https://imgproxy-retcat.assets.schwarz/7mJEQYeFMF1u47YsCLb0QG4qkOITjGsXSTMTu8wETXM/sm:1/w:140/cz/M6Ly9wcm9kLWNhd/GFsb2ctbWVkaWEvc2kvMi82MjIyMzMxOEI0MjM3MTMxQ0QwOEZCOUE/wQjczOTU0NkJERENGODJGQjFCOTk4NDE2NjY0ODkyRTU2RDQzMTEwLnBuZw.png"
      }
    ],
    "ribbons": [],
    "highlighted_seals": 0,
    "lidl_plus": [],
    "regions": [],
    "ians": [
      "155511"
    ],
    "show_brand": true,
    "deal_of_day_active": false,
    "full_title_meta": "BELLAROM Kavne kapsule Cappuccino",
    "lists": [
      1651
    ],
    "preview": false,
    "category_breadcrumbs": [
      {
        "id": "10068374",
        "name": "Hrana in pijača",
        "url": "/c/hrana-in-pijaca/s10068374",
        "hidden": false
      },
      {
        "id": "10071683",
        "name": "Kava, čaj in kakav",
        "url": "/h/kava-caj-in-kakav/h10071683",
        "hidden": false
      }
    ],
    "campaigns": [
      {
        "id": "Current_Sales_Week",
        "name": "Ta teden",
        "url": null,
        "hidden": false
      },
      {
        "id": "10025137",
        "name": "Znižano vsaj tri mesece",
        "url": "/c/znizano-vsaj-tri-mesece/a10025137",
        "hidden": false
      }
    ],
    "world_of_needs_code": "1730",
    "world_of_needs_name": "Kava, čaj in kakav",
    "world_of_needs_parent": "17",
    "is_main_category": true,
    "super_categories": [
      {
        "code": "17",
        "name": "Hrana in bližnja hrana",
        "parent": "0"
      },
      {
        "code": "0",
        "name": "Svetovi potreb",
        "parent": ""
      }
    ],
    "position": 468,
    "tracking_payload": {
      "searchTrackingMasterId": "Product.10078729",
      "searchTrackingTitle": "Kavne+kapsule+Cappuccino",
      "searchTrackingPageSize": 100,
      "searchTrackingPage": 5,
      "searchTrackingEvent": "click",
      "list": "search",
      "searchTrackingId": "Product.10078729",
      "searchTrackingOrigPos": 1,
      "searchTrackingPos": 468,
      "searchTrackingOrigPageSize": 100,
      "searchTrackingChannel": "SI",
      "category": "Food"
    }
  },
  {
    "code": "10080127",
    "name": "Premium Pesto",
    "url": "",
    "result_class": "product",
    "type": "product",
    "product_id": 10080127,
    "erp_number": "10080127",
    "item_id": 10080127,
    "full_title": "DELUXE Premium Pesto",
    "title": "Premium Pesto",
    "category": "Food",
    "product_type": "RETAIL",
    "age_restriction": false,
    "is_used_product": false,
    "multipack": false,
    "online": false,
    "store": true,
    "quick_add_to_cart": false,
    "flash_sales": false,
    "having_videos": false,
    "having_threesixty": false,
    "price": 1.69,
    "old_price": 0.0,
    "currency_code": "EUR",
    "currency_symbol": "€",
    "has_star": true,
    "has_vat": false,
    "price_theme": "white_red",
    "variants_have_different_prices": false,
    "base_price_text": "1 kg = 8.89",
    "base_price_prefix": false,
    "packaging_text": "190 g",
    "discount_deleted_price": null,
    "discount_text": null,
    "discount_percentage": null,
    "discount_has_star": null,
    "show_discount": null,
    "show_percentage": null,
    "from_recommended_price": null,
    "availability_indicator": 0,
    "online_available": false,
    "min_orderable_quantity": 1,
    "orderable_quantities": [],
    "badge_texts": [
      "V trgovini"
    ],
    "badge_types": [
      "IN_STORE"
    ],
    "main_image": "https://imgproxy-retcat.assets.schwarz/d46asI2lC6HPF42D0vzFiz3GOnhSHrp-btJ-p2EbrRY/sm:1/w:427/h:320/cz/M6Ly9wcm9kLWNhd/GFsb2ctbWVkaWEvaW50LzQyQ0QxNjUyNDM0RDI3MEYzQjRBNjk1NT/dEMEFFRTdBMTFBMEMzQTkxQTAwMzY4NjlBMEY2RUVCRkEzRERENUIucG5n.png",
    "image_list": [
      "https://imgproxy-retcat.assets.schwarz/d46asI2lC6HPF42D0vzFiz3GOnhSHrp-btJ-p2EbrRY/sm:1/w:427/h:320/cz/M6Ly9wcm9kLWNhd/GFsb2ctbWVkaWEvaW50LzQyQ0QxNjUyNDM0RDI3MEYzQjRBNjk1NT/dEMEFFRTdBMTFBMEMzQTkxQTAwMzY4NjlBMEY2RUVCRkEzRERENUIucG5n.png",
      "https://imgproxy-retcat.assets.schwarz/fa1vq4FtzTxqQD2yTRPoNuio90kWsL_GQXCuA5WUX9M/sm:1/w:427/h:320/cz/M6Ly9wcm9kLWNhd/GFsb2ctbWVkaWEvaW50LzIwOTUyOUIwQTBGQzY0QjczNzA0RDc1Q0/EwOEUyRTYxQ0ExRDdFRDU3Q0ZCQThGMTk1MDFGMEFFMzkwRjhCQzEucG5n.png",
      "https://imgproxy-retcat.assets.schwarz/4HsjMH4FlVV90Nsb0UFLcn5g7BxJ0eMnonfgKQVNnsg/sm:1/w:427/h:320/cz/M6Ly9wcm9kLWNhd/GFsb2ctbWVkaWEvaW50LzE2NEUxMDc4N0Y4RUQwRkE5NDdCQUMwQz/QwOTg0ODg2NTQ5MDk2MTZBOTFEQTcyM0EyMzE0QjJGOUYxMDhDRDYucG5n.png"
    ],
    "image_accessibility": "Deluxe paradižnikov in mandljev pesto, 190g.",
    "detailed_images": [
      {
        "url": "https://imgproxy-retcat.assets.schwarz/d46asI2lC6HPF42D0vzFiz3GOnhSHrp-btJ-p2EbrRY/sm:1/w:427/h:320/cz/M6Ly9wcm9kLWNhd/GFsb2ctbWVkaWEvaW50LzQyQ0QxNjUyNDM0RDI3MEYzQjRBNjk1NT/dEMEFFRTdBMTFBMEMzQTkxQTAwMzY4NjlBMEY2RUVCRkEzRERENUIucG5n.png",
        "accessibility": "Deluxe paradižnikov in mandljev pesto, 190g."
      },
      {
        "url": "https://imgproxy-retcat.assets.schwarz/fa1vq4FtzTxqQD2yTRPoNuio90kWsL_GQXCuA5WUX9M/sm:1/w:427/h:320/cz/M6Ly9wcm9kLWNhd/GFsb2ctbWVkaWEvaW50LzIwOTUyOUIwQTBGQzY0QjczNzA0RDc1Q0/EwOEUyRTYxQ0ExRDdFRDU3Q0ZCQThGMTk1MDFGMEFFMzkwRjhCQzEucG5n.png",
        "accessibility": "Deluxe oljčno pesto z anchoi pasto."
      },
      {
        "url": "https://imgproxy-retcat.assets.schwarz/4HsjMH4FlVV90Nsb0UFLcn5g7BxJ0eMnonfgKQVNnsg/sm:1/w:427/h:320/cz/M6Ly9wcm9kLWNhd/GFsb2ctbWVkaWEvaW50LzE2NEUxMDc4N0Y4RUQwRkE5NDdCQUMwQz/QwOTg0ODg2NTQ5MDk2MTZBOTFEQTcyM0EyMzE0QjJGOUYxMDhDRDYucG5n.png",
        "accessibility": "Deluxe Ricotta Pesto z orehi in sušenimi paradižniki."
      }
    ],
    "analytics_category": "Food",
    "more_details": "Dodatne podrobnosti o izdelku",
    "won_category_primary": "Svetovi potreb/Hrana in bližnja hrana/Jajca in osnovna živila (testenine, moka, stročnice itd.)",
    "won_category_primary_path": "0/17/1715",
    "canonical_path": "/p/deluxe-premium-pesto/p10080127",
    "canonical_url": "/p/deluxe-premium-pesto/p10080127",
    "awards": [],
    "seals": [],
    "ribbons": [],
    "highlighted_seals": 0,
    "lidl_plus": [],
    "regions": [],
    "ians": [
      "107011"
    ],
    "show_brand": true,
    "deal_of_day_active": false,
    "full_title_meta": "DELUXE Premium Pesto",
    "lists": [
      16
    ],
    "preview": false,
    "category_breadcrumbs": [
      {
        "id": "10068374",
        "name": "Hrana in pijača",
        "url": "/c/hrana-in-pijaca/s10068374",
        "hidden": false
      },
      {
        "id": "10071045",
        "name": "Jajca in osnovna živila",
        "url": "/h/jajca-in-osnovna-zivila/h10071045",
        "hidden": false
      }
    ],
    "campaigns": [
      {
        "id": "10025136",
        "name": "Novo v ponudbi",
        "url": "/c/novo-v-ponudbi/a10025136",
        "hidden": false
      }
    ],
    "world_of_needs_code": "1715",
    "world_of_needs_name": "Jajca in osnovna živila (testenine, moka, stročnice itd.)",
    "world_of_needs_parent": "17",
    "is_main_category": true,
    "super_categories": [
      {
        "code": "17",
        "name": "Hrana in bližnja hrana",
        "parent": "0"
      },
      {
        "code": "0",
        "name": "Svetovi potreb",
        "parent": ""
      }
    ],
    "position": 469,
    "tracking_payload": {
      "searchTrackingMasterId": "Product.10080127",
      "searchTrackingTitle": "Premium+Pesto",
      "searchTrackingPageSize": 100,
      "searchTrackingPage": 5,
      "searchTrackingEvent": "click",
      "list": "search",
      "searchTrackingId": "Product.10080127",
      "searchTrackingOrigPos": 1,
      "searchTrackingPos": 469,
      "searchTrackingOrigPageSize": 100,
      "searchTrackingChannel": "SI",
      "category": "Food"
    }
  },
  {
    "code": "10080128",
    "name": "Brioš s čokolado",
    "url": "",
    "result_class": "product",
    "type": "product",
    "product_id": 10080128,
    "erp_number": "10080128",
    "item_id": 10080128,
    "full_title": "MAITRE JEAN-PIERRE Brioš s čokolado",
    "title": "Brioš s čokolado",
    "category": "Food",
    "product_type": "RETAIL",
    "age_restriction": false,
    "is_used_product": false,
    "multipack": false,
    "online": false,
    "store": true,
    "quick_add_to_cart": false,
    "flash_sales": false,
    "having_videos": false,
    "having_threesixty": false,
    "price": 2.99,
    "old_price": 0.0,
    "currency_code": "EUR",
    "currency_symbol": "€",
    "has_star": true,
    "has_vat": false,
    "price_theme": "white_red",
    "variants_have_different_prices": false,
    "base_price_text": "1 kg = 9.34",
    "base_price_prefix": false,
    "packaging_text": "320 g",
    "discount_deleted_price": null,
    "discount_text": null,
    "discount_percentage": null,
    "discount_has_star": null,
    "show_discount": null,
    "show_percentage": null,
    "from_recommended_price": null,
    "availability_indicator": 0,
    "online_available": false,
    "min_orderable_quantity": 1,
    "orderable_quantities": [],
    "badge_texts": [
      "V trgovini"
    ],
    "badge_types": [
      "IN_STORE"
    ],
    "main_image": "https://imgproxy-retcat.assets.schwarz/djuNfM_FOHVt8Uh3a6TegN_AGm-SkgDhJY5yNOO4Atw/sm:1/w:427/h:320/cz/M6Ly9wcm9kLWNhd/GFsb2ctbWVkaWEvaW50L0VFN0M1RUNGMkVBRjQ3NEU0QjJDMUVBMU/UxQTY0MzQwQjRBRTFDNjYxREU3REQ4QjE1NzlCRkQxQzJFQkQ3QjgucG5n.png",
    "image_list": [
      "https://imgproxy-retcat.assets.schwarz/djuNfM_FOHVt8Uh3a6TegN_AGm-SkgDhJY5yNOO4Atw/sm:1/w:427/h:320/cz/M6Ly9wcm9kLWNhd/GFsb2ctbWVkaWEvaW50L0VFN0M1RUNGMkVBRjQ3NEU0QjJDMUVBMU/UxQTY0MzQwQjRBRTFDNjYxREU3REQ4QjE1NzlCRkQxQzJFQkQ3QjgucG5n.png"
    ],
    "image_accessibility": "Vrečka briošev Jean Pierre s čokolado.",
    "detailed_images": [
      {
        "url": "https://imgproxy-retcat.assets.schwarz/djuNfM_FOHVt8Uh3a6TegN_AGm-SkgDhJY5yNOO4Atw/sm:1/w:427/h:320/cz/M6Ly9wcm9kLWNhd/GFsb2ctbWVkaWEvaW50L0VFN0M1RUNGMkVBRjQ3NEU0QjJDMUVBMU/UxQTY0MzQwQjRBRTFDNjYxREU3REQ4QjE1NzlCRkQxQzJFQkQ3QjgucG5n.png",
        "accessibility": "Vrečka briošev Jean Pierre s čokolado."
      }
    ],
    "analytics_category": "Food",
    "more_details": "Dodatne podrobnosti o izdelku",
    "won_category_primary": "Svetovi potreb/Hrana in bližnja hrana/Kruh in pekovsko pecivo",
    "won_category_primary_path": "0/17/1713",
    "canonical_path": "/p/maitre-jean-pierre-brios-s-cokolado/p10080128",
    "canonical_url": "/p/maitre-jean-pierre-brios-s-cokolado/p10080128",
    "awards": [],
    "seals": [],
    "ribbons": [],
    "highlighted_seals": 0,
    "lidl_plus": [],
    "regions": [],
    "ians": [
      "108883"
    ],
    "show_brand": true,
    "deal_of_day_active": false,
    "full_title_meta": "MAITRE JEAN-PIERRE Brioš s čokolado",
    "lists": [
      16
    ],
    "preview": false,
    "category_breadcrumbs": [
      {
        "id": "10068374",
        "name": "Hrana in pijača",
        "url": "/c/hrana-in-pijaca/s10068374",
        "hidden": false
      },
      {
        "id": "10071015",
        "name": "Kruh in pekovski izdelki",
        "url": "/h/kruh-in-pekovski-izdelki/h10071015",
        "hidden": false
      }
    ],
    "campaigns": [
      {
        "id": "10025136",
        "name": "Novo v ponudbi",
        "url": "/c/novo-v-ponudbi/a10025136",
        "hidden": false
      }
    ],
    "world_of_needs_code": "1713",
    "world_of_needs_name": "Kruh in pekovsko pecivo",
    "world_of_needs_parent": "17",
    "is_main_category": true,
    "super_categories": [
      {
        "code": "17",
        "name": "Hrana in bližnja hrana",
        "parent": "0"
      },
      {
        "code": "0",
        "name": "Svetovi potreb",
        "parent": ""
      }
    ],
    "position": 470,
    "tracking_payload": {
      "searchTrackingMasterId": "Product.10080128",
      "searchTrackingTitle": "Brio%C5%A1+s+%C4%8Dokolado",
      "searchTrackingPageSize": 100,
      "searchTrackingPage": 5,
      "searchTrackingEvent": "click",
      "list": "search",
      "searchTrackingId": "Product.10080128",
      "searchTrackingOrigPos": 1,
      "searchTrackingPos": 470,
      "searchTrackingOrigPageSize": 100,
      "searchTrackingChannel": "SI",
      "category": "Food"
    }
  },
  {
    "code": "10080129",
    "name": "Hrustljavi kosmiči s karamelo in kakavom",
    "url": "",
    "result_class": "product",
    "type": "product",
    "product_id": 10080129,
    "erp_number": "10080129",
    "item_id": 10080129,
    "full_title": "CROWNFIELD Hrustljavi kosmiči s karamelo in kakavom",
    "title": "Hrustljavi kosmiči s karamelo in kakavom",
    "category": "Food",
    "product_type": "RETAIL",
    "age_restriction": false,
    "is_used_product": false,
    "multipack": false,
    "online": false,
    "store": true,
    "quick_add_to_cart": false,
    "flash_sales": false,
    "having_videos": false,
    "having_threesixty": false,
    "price": 2.69,
    "old_price": 0.0,
    "currency_code": "EUR",
    "currency_symbol": "€",
    "has_star": true,
    "has_vat": false,
    "price_theme": "white_red",
    "variants_have_different_prices": false,
    "base_price_text": "1 kg = 5.38",
    "base_price_prefix": false,
    "packaging_text": "500 g",
    "discount_deleted_price": null,
    "discount_text": null,
    "discount_percentage": null,
    "discount_has_star": null,
    "show_discount": null,
    "show_percentage": null,
    "from_recommended_price": null,
    "availability_indicator": 0,
    "online_available": false,
    "min_orderable_quantity": 1,
    "orderable_quantities": [],
    "badge_texts": [
      "V trgovini"
    ],
    "badge_types": [
      "IN_STORE"
    ],
    "main_image": "https://imgproxy-retcat.assets.schwarz/wLvdhZvkOKC95JAPXuR6Y-mH5prFAp2TqtzA_GgDTfo/sm:1/w:427/h:320/cz/M6Ly9wcm9kLWNhd/GFsb2ctbWVkaWEvaW50L0UyNjlCMzE5ODgwQ0M1RUY4N0FDOTVBQT/VDMTFEOEM0QzVEMzFBNzFBNTMzNDI0MzI1OTQyQzU3RTQzQzdCNDQucG5n.png",
    "image_list": [
      "https://imgproxy-retcat.assets.schwarz/wLvdhZvkOKC95JAPXuR6Y-mH5prFAp2TqtzA_GgDTfo/sm:1/w:427/h:320/cz/M6Ly9wcm9kLWNhd/GFsb2ctbWVkaWEvaW50L0UyNjlCMzE5ODgwQ0M1RUY4N0FDOTVBQT/VDMTFEOEM0QzVEMzFBNzFBNTMzNDI0MzI1OTQyQzU3RTQzQzdCNDQucG5n.png"
    ],
    "image_accessibility": "Crownfield Caramel Crunch: hrustljave žitarice s kakaom in karamelom.",
    "detailed_images": [
      {
        "url": "https://imgproxy-retcat.assets.schwarz/wLvdhZvkOKC95JAPXuR6Y-mH5prFAp2TqtzA_GgDTfo/sm:1/w:427/h:320/cz/M6Ly9wcm9kLWNhd/GFsb2ctbWVkaWEvaW50L0UyNjlCMzE5ODgwQ0M1RUY4N0FDOTVBQT/VDMTFEOEM0QzVEMzFBNzFBNTMzNDI0MzI1OTQyQzU3RTQzQzdCNDQucG5n.png",
        "accessibility": "Crownfield Caramel Crunch: hrustljave žitarice s kakaom in karamelom."
      }
    ],
    "analytics_category": "Food",
    "more_details": "Dodatne podrobnosti o izdelku",
    "won_category_primary": "Svetovi potreb/Hrana in bližnja hrana/Prigrizki in slaščice",
    "won_category_primary_path": "0/17/1721",
    "canonical_path": "/p/crownfield-hrustljavi-kosmici-s-karamelo-in-kakavom/p10080129",
    "canonical_url": "/p/crownfield-hrustljavi-kosmici-s-karamelo-in-kakavom/p10080129",
    "awards": [],
    "seals": [
      {
        "altText": "Fairtrade kakav",
        "image": "https://imgproxy-retcat.assets.schwarz/Ev56WuA4alomi2ueNXSfh4fTBQrmkb_e9o3Rn2ggm2Y/sm:1/w:140/cz/M6Ly9wcm9kLWNhd/GFsb2ctbWVkaWEvc2kvMi9EM0U1RTc1N0I2QzkzODFDMjVDMDU4NjR/BRTNGQ0NBRDVGQTM0RkE2NjRDQkU0QjczNkU3RjI5RTIyRkMwMjUzLnBuZw.png"
      }
    ],
    "ribbons": [],
    "highlighted_seals": 0,
    "lidl_plus": [],
    "regions": [],
    "ians": [
      "112697"
    ],
    "show_brand": true,
    "deal_of_day_active": false,
    "full_title_meta": "CROWNFIELD Hrustljavi kosmiči s karamelo in kakavom",
    "lists": [
      16
    ],
    "preview": false,
    "category_breadcrumbs": [
      {
        "id": "10068374",
        "name": "Hrana in pijača",
        "url": "/c/hrana-in-pijaca/s10068374",
        "hidden": false
      },
      {
        "id": "10071044",
        "name": "Prigrizki in sladkarije",
        "url": "/h/prigrizki-in-sladkarije/h10071044",
        "hidden": false
      }
    ],
    "campaigns": [
      {
        "id": "10025136",
        "name": "Novo v ponudbi",
        "url": "/c/novo-v-ponudbi/a10025136",
        "hidden": false
      }
    ],
    "world_of_needs_code": "1721",
    "world_of_needs_name": "Prigrizki in slaščice",
    "world_of_needs_parent": "17",
    "is_main_category": true,
    "super_categories": [
      {
        "code": "17",
        "name": "Hrana in bližnja hrana",
        "parent": "0"
      },
      {
        "code": "0",
        "name": "Svetovi potreb",
        "parent": ""
      }
    ],
    "position": 471,
    "tracking_payload": {
      "searchTrackingMasterId": "Product.10080129",
      "searchTrackingTitle": "Hrustljavi+kosmi%C4%8Di+s+karamelo+in+kakavom",
      "searchTrackingPageSize": 100,
      "searchTrackingPage": 5,
      "searchTrackingEvent": "click",
      "list": "search",
      "searchTrackingId": "Product.10080129",
      "searchTrackingOrigPos": 1,
      "searchTrackingPos": 471,
      "searchTrackingOrigPageSize": 100,
      "searchTrackingChannel": "SI",
      "category": "Food"
    }
  },
  {
    "code": "10080130",
    "name": "Sadni desert",
    "url": "",
    "result_class": "product",
    "type": "product",
    "product_id": 10080130,
    "erp_number": "10080130",
    "item_id": 10080130,
    "full_title": "GELATELLI Sadni desert",
    "title": "Sadni desert",
    "category": "Food",
    "product_type": "RETAIL",
    "age_restriction": false,
    "is_used_product": false,
    "multipack": false,
    "online": false,
    "store": true,
    "quick_add_to_cart": false,
    "flash_sales": false,
    "having_videos": false,
    "having_threesixty": false,
    "price": 3.99,
    "old_price": 0.0,
    "currency_code": "EUR",
    "currency_symbol": "€",
    "has_star": true,
    "has_vat": false,
    "price_theme": "white_red",
    "variants_have_different_prices": false,
    "base_price_text": "1 l = 6.54 / 6.39",
    "base_price_prefix": false,
    "packaging_text": "517/610 ml",
    "discount_deleted_price": null,
    "discount_text": null,
    "discount_percentage": null,
    "discount_has_star": null,
    "show_discount": null,
    "show_percentage": null,
    "from_recommended_price": null,
    "availability_indicator": 0,
    "online_available": false,
    "min_orderable_quantity": 1,
    "orderable_quantities": [],
    "badge_texts": [
      "V trgovini"
    ],
    "badge_types": [
      "IN_STORE"
    ],
    "main_image": "https://imgproxy-retcat.assets.schwarz/SxYwPX3wYE-HlqtgJrKXcq63XgXq1caz_Ypc321XFG8/sm:1/w:427/h:320/cz/M6Ly9wcm9kLWNhd/GFsb2ctbWVkaWEvaW50LzIyOTNGRkU4Q0ExNTI3NUFFMEQ5MDlCQz/BFRUMzRDJENTgzNDM1OEM0QUQ4MTYyMzcyMjEyRjlFMEY4RDEyQ0MucG5n.png",
    "image_list": [
      "https://imgproxy-retcat.assets.schwarz/SxYwPX3wYE-HlqtgJrKXcq63XgXq1caz_Ypc321XFG8/sm:1/w:427/h:320/cz/M6Ly9wcm9kLWNhd/GFsb2ctbWVkaWEvaW50LzIyOTNGRkU4Q0ExNTI3NUFFMEQ5MDlCQz/BFRUMzRDJENTgzNDM1OEM0QUQ4MTYyMzcyMjEyRjlFMEY4RDEyQ0MucG5n.png",
      "https://imgproxy-retcat.assets.schwarz/elWXaS_ayVchmzWsZLgxNXQmwRyrKrjKDdK4RHfF5Xk/sm:1/w:427/h:320/cz/M6Ly9wcm9kLWNhd/GFsb2ctbWVkaWEvaW50Lzk5OURFRkM2RkNBRjA2MTBBMkVBMzRDRk/M4NEE1QUU4MjdFRTBERjdDMDJENUJGN0FEOENBREU5NUEzNzEyM0QucG5n.png"
    ],
    "image_accessibility": "Gelatelli Sea Adventure sladoledne palčke: lubenica, mango, mešanica sadja.",
    "detailed_images": [
      {
        "url": "https://imgproxy-retcat.assets.schwarz/SxYwPX3wYE-HlqtgJrKXcq63XgXq1caz_Ypc321XFG8/sm:1/w:427/h:320/cz/M6Ly9wcm9kLWNhd/GFsb2ctbWVkaWEvaW50LzIyOTNGRkU4Q0ExNTI3NUFFMEQ5MDlCQz/BFRUMzRDJENTgzNDM1OEM0QUQ4MTYyMzcyMjEyRjlFMEY4RDEyQ0MucG5n.png",
        "accessibility": "Gelatelli Sea Adventure sladoledne palčke: lubenica, mango, mešanica sadja."
      },
      {
        "url": "https://imgproxy-retcat.assets.schwarz/elWXaS_ayVchmzWsZLgxNXQmwRyrKrjKDdK4RHfF5Xk/sm:1/w:427/h:320/cz/M6Ly9wcm9kLWNhd/GFsb2ctbWVkaWEvaW50Lzk5OURFRkM2RkNBRjA2MTBBMkVBMzRDRk/M4NEE1QUU4MjdFRTBERjdDMDJENUJGN0FEOENBREU5NUEzNzEyM0QucG5n.png",
        "accessibility": "Gelatelli Little Octo Party sladoledni paličice z okusom sadja."
      }
    ],
    "analytics_category": "Food",
    "more_details": "Dodatne podrobnosti o izdelku",
    "won_category_primary": "Svetovi potreb/Hrana in bližnja hrana/Prigrizki in slaščice",
    "won_category_primary_path": "0/17/1721",
    "canonical_path": "/p/gelatelli-sadni-desert/p10080130",
    "canonical_url": "/p/gelatelli-sadni-desert/p10080130",
    "awards": [],
    "seals": [
      {
        "altText": "Znak: Zamrznjeno",
        "image": "https://imgproxy-retcat.assets.schwarz/ayWyw20LfIYJzOhoc4KvR8G0z3S3CSGFD0vHUIK3dgY/sm:1/w:140/cz/M6Ly9wcm9kLWNhd/GFsb2ctbWVkaWEvc2kvMi81NkZCNjYzMzA5NkRFMERFNzUzNEI1ODY/xRDQ4Q0MxRTkxQkUzNUMxOTBGNTAyMURGMjJGODEyQzk0ODhCNTYwLnBuZw.png"
      }
    ],
    "ribbons": [],
    "highlighted_seals": 0,
    "lidl_plus": [],
    "regions": [],
    "ians": [
      "116535"
    ],
    "show_brand": true,
    "deal_of_day_active": false,
    "full_title_meta": "GELATELLI Sadni desert",
    "lists": [
      16
    ],
    "preview": false,
    "category_breadcrumbs": [
      {
        "id": "10068374",
        "name": "Hrana in pijača",
        "url": "/c/hrana-in-pijaca/s10068374",
        "hidden": false
      },
      {
        "id": "10071044",
        "name": "Prigrizki in sladkarije",
        "url": "/h/prigrizki-in-sladkarije/h10071044",
        "hidden": false
      }
    ],
    "campaigns": [
      {
        "id": "10025136",
        "name": "Novo v ponudbi",
        "url": "/c/novo-v-ponudbi/a10025136",
        "hidden": false
      }
    ],
    "world_of_needs_code": "1721",
    "world_of_needs_name": "Prigrizki in slaščice",
    "world_of_needs_parent": "17",
    "is_main_category": true,
    "super_categories": [
      {
        "code": "17",
        "name": "Hrana in bližnja hrana",
        "parent": "0"
      },
      {
        "code": "0",
        "name": "Svetovi potreb",
        "parent": ""
      }
    ],
    "position": 472,
    "tracking_payload": {
      "searchTrackingMasterId": "Product.10080130",
      "searchTrackingTitle": "Sadni+desert",
      "searchTrackingPageSize": 100,
      "searchTrackingPage": 5,
      "searchTrackingEvent": "click",
      "list": "search",
      "searchTrackingId": "Product.10080130",
      "searchTrackingOrigPos": 1,
      "searchTrackingPos": 472,
      "searchTrackingOrigPageSize": 100,
      "searchTrackingChannel": "SI",
      "category": "Food"
    }
  },
  {
    "code": "10080132",
    "name": "Tortilje iz pšenične moke",
    "url": "",
    "result_class": "product",
    "type": "product",
    "product_id": 10080132,
    "erp_number": "10080132",
    "item_id": 10080132,
    "full_title": "TASTINO Tortilje iz pšenične moke",
    "title": "Tortilje iz pšenične moke",
    "category": "Food",
    "product_type": "RETAIL",
    "age_restriction": false,
    "is_used_product": false,
    "multipack": false,
    "online": false,
    "store": true,
    "quick_add_to_cart": false,
    "flash_sales": false,
    "having_videos": false,
    "having_threesixty": false,
    "price": 2.69,
    "old_price": 0.0,
    "currency_code": "EUR",
    "currency_symbol": "€",
    "has_star": true,
    "has_vat": false,
    "price_theme": "white_red",
    "variants_have_different_prices": false,
    "base_price_text": "1 kg = 3.36",
    "base_price_prefix": false,
    "packaging_text": "800 g",
    "discount_deleted_price": null,
    "discount_text": null,
    "discount_percentage": null,
    "discount_has_star": null,
    "show_discount": null,
    "show_percentage": null,
    "from_recommended_price": null,
    "availability_indicator": 0,
    "online_available": false,
    "min_orderable_quantity": 1,
    "orderable_quantities": [],
    "badge_texts": [
      "V trgovini"
    ],
    "badge_types": [
      "IN_STORE"
    ],
    "main_image": "https://imgproxy-retcat.assets.schwarz/hKpNnQObKq33Joxv8MV4Pu3b5qViimjSFkj8PfscK_8/sm:1/w:427/h:320/cz/M6Ly9wcm9kLWNhd/GFsb2ctbWVkaWEvaW50L0JBMjk4NjY2QUQyMzBERkJEOTU4QTdGQj/ZGNTg3MDMyQUZFMkJEMDM0NUM3ODBCMEU3MjY3NUQyMzdENDk2NTcucG5n.png",
    "image_list": [
      "https://imgproxy-retcat.assets.schwarz/hKpNnQObKq33Joxv8MV4Pu3b5qViimjSFkj8PfscK_8/sm:1/w:427/h:320/cz/M6Ly9wcm9kLWNhd/GFsb2ctbWVkaWEvaW50L0JBMjk4NjY2QUQyMzBERkJEOTU4QTdGQj/ZGNTg3MDMyQUZFMkJEMDM0NUM3ODBCMEU3MjY3NUQyMzdENDk2NTcucG5n.png"
    ],
    "image_accessibility": "Pakiranje 8 Tostino veganskih pšeničnih tortilj.",
    "detailed_images": [
      {
        "url": "https://imgproxy-retcat.assets.schwarz/hKpNnQObKq33Joxv8MV4Pu3b5qViimjSFkj8PfscK_8/sm:1/w:427/h:320/cz/M6Ly9wcm9kLWNhd/GFsb2ctbWVkaWEvaW50L0JBMjk4NjY2QUQyMzBERkJEOTU4QTdGQj/ZGNTg3MDMyQUZFMkJEMDM0NUM3ODBCMEU3MjY3NUQyMzdENDk2NTcucG5n.png",
        "accessibility": "Pakiranje 8 Tostino veganskih pšeničnih tortilj."
      }
    ],
    "analytics_category": "Food",
    "more_details": "Dodatne podrobnosti o izdelku",
    "won_category_primary": "Svetovi potreb/Hrana in bližnja hrana/Jajca in osnovna živila (testenine, moka, stročnice itd.)",
    "won_category_primary_path": "0/17/1715",
    "canonical_path": "/p/tastino-tortilje-iz-psenicne-moke/p10080132",
    "canonical_url": "/p/tastino-tortilje-iz-psenicne-moke/p10080132",
    "awards": [],
    "seals": [
      {
        "altText": "Veganski certifikat V-Label International",
        "image": "https://imgproxy-retcat.assets.schwarz/DMlGWAmsoWdVtAV0sxUiiXBfaYpIEPgxqYG2PwNhb_U/sm:1/w:140/cz/M6Ly9wcm9kLWNhd/GFsb2ctbWVkaWEvc2kvMi82RjZFMUM5MzcyMTc5OENFQUU5Nzk3QkJ/DMTRBNjU2QzVCNzA3QjlBRTE2RDI0QjYwNTk0OUFGMUMyOTJDRTQyLnBuZw.png"
      }
    ],
    "ribbons": [],
    "highlighted_seals": 0,
    "lidl_plus": [],
    "regions": [],
    "ians": [
      "122476"
    ],
    "show_brand": true,
    "deal_of_day_active": false,
    "full_title_meta": "TASTINO Tortilje iz pšenične moke",
    "lists": [
      16
    ],
    "preview": false,
    "category_breadcrumbs": [
      {
        "id": "10068374",
        "name": "Hrana in pijača",
        "url": "/c/hrana-in-pijaca/s10068374",
        "hidden": false
      },
      {
        "id": "10071045",
        "name": "Jajca in osnovna živila",
        "url": "/h/jajca-in-osnovna-zivila/h10071045",
        "hidden": false
      }
    ],
    "campaigns": [
      {
        "id": "10025136",
        "name": "Novo v ponudbi",
        "url": "/c/novo-v-ponudbi/a10025136",
        "hidden": false
      }
    ],
    "world_of_needs_code": "1715",
    "world_of_needs_name": "Jajca in osnovna živila (testenine, moka, stročnice itd.)",
    "world_of_needs_parent": "17",
    "is_main_category": true,
    "super_categories": [
      {
        "code": "17",
        "name": "Hrana in bližnja hrana",
        "parent": "0"
      },
      {
        "code": "0",
        "name": "Svetovi potreb",
        "parent": ""
      }
    ],
    "position": 473,
    "tracking_payload": {
      "searchTrackingMasterId": "Product.10080132",
      "searchTrackingTitle": "Tortilje+iz+p%C5%A1eni%C4%8Dne+moke",
      "searchTrackingPageSize": 100,
      "searchTrackingPage": 5,
      "searchTrackingEvent": "click",
      "list": "search",
      "searchTrackingId": "Product.10080132",
      "searchTrackingOrigPos": 1,
      "searchTrackingPos": 473,
      "searchTrackingOrigPageSize": 100,
      "searchTrackingChannel": "SI",
      "category": "Food"
    }
  },
  {
    "code": "10080133",
    "name": "Masleni namaz",
    "url": "",
    "result_class": "product",
    "type": "product",
    "product_id": 10080133,
    "erp_number": "10080133",
    "item_id": 10080133,
    "full_title": "MILBONA Masleni namaz",
    "title": "Masleni namaz",
    "category": "Food",
    "product_type": "RETAIL",
    "age_restriction": false,
    "is_used_product": false,
    "multipack": false,
    "online": false,
    "store": true,
    "quick_add_to_cart": false,
    "flash_sales": false,
    "having_videos": false,
    "having_threesixty": false,
    "price": 2.49,
    "old_price": 0.0,
    "currency_code": "EUR",
    "currency_symbol": "€",
    "has_star": true,
    "has_vat": false,
    "price_theme": "white_red",
    "variants_have_different_prices": false,
    "base_price_text": "1 kg = 9.96",
    "base_price_prefix": false,
    "packaging_text": "250 g",
    "discount_deleted_price": null,
    "discount_text": null,
    "discount_percentage": null,
    "discount_has_star": null,
    "show_discount": null,
    "show_percentage": null,
    "from_recommended_price": null,
    "availability_indicator": 0,
    "online_available": false,
    "min_orderable_quantity": 1,
    "orderable_quantities": [],
    "badge_texts": [
      "V trgovini"
    ],
    "badge_types": [
      "IN_STORE"
    ],
    "main_image": "https://imgproxy-retcat.assets.schwarz/avGnISAuN_1ocDdBqF43c6r_A59XenS3MJSd-1QjuLM/sm:1/w:427/h:320/cz/M6Ly9wcm9kLWNhd/GFsb2ctbWVkaWEvaW50L0ZCQzE5NzcwNTI1NkI5QTBFOUU1QjcwM0/I1MTAwMUE3N0UyNkQ2MTM4MDQ0RTYzRTg4NTkyRTc1NzNBRjEyRjQucG5n.png",
    "image_list": [
      "https://imgproxy-retcat.assets.schwarz/avGnISAuN_1ocDdBqF43c6r_A59XenS3MJSd-1QjuLM/sm:1/w:427/h:320/cz/M6Ly9wcm9kLWNhd/GFsb2ctbWVkaWEvaW50L0ZCQzE5NzcwNTI1NkI5QTBFOUU1QjcwM0/I1MTAwMUE3N0UyNkQ2MTM4MDQ0RTYzRTg4NTkyRTc1NzNBRjEyRjQucG5n.png"
    ],
    "image_accessibility": "Milbona Södegården, soljen namaz.",
    "detailed_images": [
      {
        "url": "https://imgproxy-retcat.assets.schwarz/avGnISAuN_1ocDdBqF43c6r_A59XenS3MJSd-1QjuLM/sm:1/w:427/h:320/cz/M6Ly9wcm9kLWNhd/GFsb2ctbWVkaWEvaW50L0ZCQzE5NzcwNTI1NkI5QTBFOUU1QjcwM0/I1MTAwMUE3N0UyNkQ2MTM4MDQ0RTYzRTg4NTkyRTc1NzNBRjEyRjQucG5n.png",
        "accessibility": "Milbona Södegården, soljen namaz."
      }
    ],
    "analytics_category": "Food",
    "more_details": "Dodatne podrobnosti o izdelku",
    "won_category_primary": "Svetovi potreb/Hrana in bližnja hrana/Sir in mlečni izdelki (vključno z maslom in sirom)",
    "won_category_primary_path": "0/17/1718",
    "canonical_path": "/p/milbona-masleni-namaz/p10080133",
    "canonical_url": "/p/milbona-masleni-namaz/p10080133",
    "awards": [],
    "seals": [
      {
        "altText": "Nalepka: Hlajeno",
        "image": "https://imgproxy-retcat.assets.schwarz/7x3Iby7aD19hFySDnP2YoXt7E1r0JrvJVj0QO1gUOes/sm:1/w:140/cz/M6Ly9wcm9kLWNhd/GFsb2ctbWVkaWEvc2kvMi8xMzFBN0E2RDlCREZGREQxOEE2OTFDNEZ/FNDE5RTM0QUMxQjY4OEQ0OUY2QTAxMTRDRjQ1RjdCNTNDRjM2NUJBLnBuZw.png"
      }
    ],
    "ribbons": [],
    "highlighted_seals": 0,
    "lidl_plus": [],
    "regions": [],
    "ians": [
      "145929"
    ],
    "show_brand": true,
    "deal_of_day_active": false,
    "full_title_meta": "MILBONA Masleni namaz",
    "lists": [
      16
    ],
    "preview": false,
    "category_breadcrumbs": [
      {
        "id": "10068374",
        "name": "Hrana in pijača",
        "url": "/c/hrana-in-pijaca/s10068374",
        "hidden": false
      },
      {
        "id": "10071017",
        "name": " Sir &  Mlečni izdelki",
        "url": "/h/sir-mlecni-izdelki/h10071017",
        "hidden": false
      }
    ],
    "campaigns": [
      {
        "id": "10025136",
        "name": "Novo v ponudbi",
        "url": "/c/novo-v-ponudbi/a10025136",
        "hidden": false
      }
    ],
    "world_of_needs_code": "1718",
    "world_of_needs_name": "Sir in mlečni izdelki (vključno z maslom in sirom)",
    "world_of_needs_parent": "17",
    "is_main_category": true,
    "super_categories": [
      {
        "code": "17",
        "name": "Hrana in bližnja hrana",
        "parent": "0"
      },
      {
        "code": "0",
        "name": "Svetovi potreb",
        "parent": ""
      }
    ],
    "position": 474,
    "tracking_payload": {
      "searchTrackingMasterId": "Product.10080133",
      "searchTrackingTitle": "Masleni+namaz",
      "searchTrackingPageSize": 100,
      "searchTrackingPage": 5,
      "searchTrackingEvent": "click",
      "list": "search",
      "searchTrackingId": "Product.10080133",
      "searchTrackingOrigPos": 1,
      "searchTrackingPos": 474,
      "searchTrackingOrigPageSize": 100,
      "searchTrackingChannel": "SI",
      "category": "Food"
    }
  },
  {
    "code": "10080134",
    "name": "Sladoled",
    "url": "",
    "result_class": "product",
    "type": "product",
    "product_id": 10080134,
    "erp_number": "10080134",
    "item_id": 10080134,
    "full_title": "BON GELATI Sladoled",
    "title": "Sladoled",
    "category": "Food",
    "product_type": "RETAIL",
    "age_restriction": false,
    "is_used_product": false,
    "multipack": false,
    "online": false,
    "store": true,
    "quick_add_to_cart": false,
    "flash_sales": false,
    "having_videos": false,
    "having_threesixty": false,
    "price": 2.79,
    "old_price": 0.0,
    "currency_code": "EUR",
    "currency_symbol": "€",
    "has_star": true,
    "has_vat": false,
    "price_theme": "white_red",
    "variants_have_different_prices": false,
    "base_price_text": null,
    "base_price_prefix": null,
    "packaging_text": "1 l",
    "discount_deleted_price": null,
    "discount_text": null,
    "discount_percentage": null,
    "discount_has_star": null,
    "show_discount": null,
    "show_percentage": null,
    "from_recommended_price": null,
    "availability_indicator": 0,
    "online_available": false,
    "min_orderable_quantity": 1,
    "orderable_quantities": [],
    "badge_texts": [
      "V trgovini"
    ],
    "badge_types": [
      "IN_STORE"
    ],
    "main_image": "https://imgproxy-retcat.assets.schwarz/ocQApeIpaGn2uJFRHlwiy_SmPpMXcJuc2NOTJtNjVxA/sm:1/w:427/h:320/cz/M6Ly9wcm9kLWNhd/GFsb2ctbWVkaWEvc2kvMS8wNTUxOTBFRkFBMDM4NkMzNEM2RTlFQjM/1QkUzMzI1NTlFRUU1QTE3RDQxMDM0OEVDRjI2OUYwNjU2RTREQjcyLmpwZw.jpg",
    "image_list": [
      "https://imgproxy-retcat.assets.schwarz/ocQApeIpaGn2uJFRHlwiy_SmPpMXcJuc2NOTJtNjVxA/sm:1/w:427/h:320/cz/M6Ly9wcm9kLWNhd/GFsb2ctbWVkaWEvc2kvMS8wNTUxOTBFRkFBMDM4NkMzNEM2RTlFQjM/1QkUzMzI1NTlFRUU1QTE3RDQxMDM0OEVDRjI2OUYwNjU2RTREQjcyLmpwZw.jpg",
      "https://imgproxy-retcat.assets.schwarz/8QZ-m6zS6v7h-D6ohW8ZbL0osZbC3yv_DECT2-tF1ek/sm:1/w:427/h:320/cz/M6Ly9wcm9kLWNhd/GFsb2ctbWVkaWEvc2kvMS8zRTMxOEM3RkZDMUYxMjQzM0Y5NjdBMDU/yODc2RkVENjc2RkVCM0VDOTUzM0EzQjg2MUZCMjJCOUMyNENEMjNFLmpwZw.jpg"
    ],
    "image_accessibility": "Jagodni sladoled Bon Gelati v plastični posodi.",
    "detailed_images": [
      {
        "url": "https://imgproxy-retcat.assets.schwarz/ocQApeIpaGn2uJFRHlwiy_SmPpMXcJuc2NOTJtNjVxA/sm:1/w:427/h:320/cz/M6Ly9wcm9kLWNhd/GFsb2ctbWVkaWEvc2kvMS8wNTUxOTBFRkFBMDM4NkMzNEM2RTlFQjM/1QkUzMzI1NTlFRUU1QTE3RDQxMDM0OEVDRjI2OUYwNjU2RTREQjcyLmpwZw.jpg",
        "accessibility": "Jagodni sladoled Bon Gelati v plastični posodi."
      },
      {
        "url": "https://imgproxy-retcat.assets.schwarz/8QZ-m6zS6v7h-D6ohW8ZbL0osZbC3yv_DECT2-tF1ek/sm:1/w:427/h:320/cz/M6Ly9wcm9kLWNhd/GFsb2ctbWVkaWEvc2kvMS8zRTMxOEM3RkZDMUYxMjQzM0Y5NjdBMDU/yODc2RkVENjc2RkVCM0VDOTUzM0EzQjg2MUZCMjJCOUMyNENEMjNFLmpwZw.jpg",
        "accessibility": "Bon Gelati Stracciatella sladoled s čokolado."
      }
    ],
    "analytics_category": "Food",
    "more_details": "Dodatne podrobnosti o izdelku",
    "won_category_primary": "Svetovi potreb/Hrana in bližnja hrana/Zamrznjena hrana (Zamrznjena hrana)",
    "won_category_primary_path": "0/17/1716",
    "canonical_path": "/p/bon-gelati-sladoled/p10080134",
    "canonical_url": "/p/bon-gelati-sladoled/p10080134",
    "awards": [],
    "seals": [
      {
        "altText": "Znak: Zamrznjeno",
        "image": "https://imgproxy-retcat.assets.schwarz/ayWyw20LfIYJzOhoc4KvR8G0z3S3CSGFD0vHUIK3dgY/sm:1/w:140/cz/M6Ly9wcm9kLWNhd/GFsb2ctbWVkaWEvc2kvMi81NkZCNjYzMzA5NkRFMERFNzUzNEI1ODY/xRDQ4Q0MxRTkxQkUzNUMxOTBGNTAyMURGMjJGODEyQzk0ODhCNTYwLnBuZw.png"
      }
    ],
    "ribbons": [],
    "highlighted_seals": 0,
    "lidl_plus": [],
    "regions": [],
    "ians": [
      "153116"
    ],
    "show_brand": true,
    "deal_of_day_active": false,
    "full_title_meta": "BON GELATI Sladoled",
    "lists": [
      16
    ],
    "preview": false,
    "category_breadcrumbs": [
      {
        "id": "10068374",
        "name": "Hrana in pijača",
        "url": "/c/hrana-in-pijaca/s10068374",
        "hidden": false
      },
      {
        "id": "10071049",
        "name": "Zamrznjena hrana",
        "url": "/h/zamrznjena-hrana/h10071049",
        "hidden": false
      }
    ],
    "campaigns": [
      {
        "id": "10025136",
        "name": "Novo v ponudbi",
        "url": "/c/novo-v-ponudbi/a10025136",
        "hidden": false
      }
    ],
    "world_of_needs_code": "1716",
    "world_of_needs_name": "Zamrznjena hrana (Zamrznjena hrana)",
    "world_of_needs_parent": "17",
    "is_main_category": true,
    "super_categories": [
      {
        "code": "17",
        "name": "Hrana in bližnja hrana",
        "parent": "0"
      },
      {
        "code": "0",
        "name": "Svetovi potreb",
        "parent": ""
      }
    ],
    "position": 475,
    "tracking_payload": {
      "searchTrackingMasterId": "Product.10080134",
      "searchTrackingTitle": "Sladoled",
      "searchTrackingPageSize": 100,
      "searchTrackingPage": 5,
      "searchTrackingEvent": "click",
      "list": "search",
      "searchTrackingId": "Product.10080134",
      "searchTrackingOrigPos": 1,
      "searchTrackingPos": 475,
      "searchTrackingOrigPageSize": 100,
      "searchTrackingChannel": "SI",
      "category": "Food"
    }
  },
  {
    "code": "10080135",
    "name": "Testeninska solata",
    "url": "",
    "result_class": "product",
    "type": "product",
    "product_id": 10080135,
    "erp_number": "10080135",
    "item_id": 10080135,
    "full_title": "CHEF SELECT Testeninska solata",
    "title": "Testeninska solata",
    "category": "Food",
    "product_type": "RETAIL",
    "age_restriction": false,
    "is_used_product": false,
    "multipack": false,
    "online": false,
    "store": true,
    "quick_add_to_cart": false,
    "flash_sales": false,
    "having_videos": false,
    "having_threesixty": false,
    "price": 1.99,
    "old_price": 0.0,
    "currency_code": "EUR",
    "currency_symbol": "€",
    "has_star": true,
    "has_vat": false,
    "price_theme": "white_red",
    "variants_have_different_prices": false,
    "base_price_text": "1 kg = 7.96",
    "base_price_prefix": false,
    "packaging_text": "250 g",
    "discount_deleted_price": null,
    "discount_text": null,
    "discount_percentage": null,
    "discount_has_star": null,
    "show_discount": null,
    "show_percentage": null,
    "from_recommended_price": null,
    "availability_indicator": 0,
    "online_available": false,
    "min_orderable_quantity": 1,
    "orderable_quantities": [],
    "badge_texts": [
      "V trgovini"
    ],
    "badge_types": [
      "IN_STORE"
    ],
    "main_image": "https://imgproxy-retcat.assets.schwarz/Swt5LwNjjnj0YnV29dts38jFyzt7mP-HsuwZnHvKhio/sm:1/w:427/h:320/cz/M6Ly9wcm9kLWNhd/GFsb2ctbWVkaWEvaW50LzgwMzc3NEY0QTc1Q0NBRkU2QzQ1MUE4Nz/ExRjM3RTMwQkI0NUI3M0FGMTIzM0NDN0Q4RkI5NTlCMTlEQzU1MTMucG5n.png",
    "image_list": [
      "https://imgproxy-retcat.assets.schwarz/Swt5LwNjjnj0YnV29dts38jFyzt7mP-HsuwZnHvKhio/sm:1/w:427/h:320/cz/M6Ly9wcm9kLWNhd/GFsb2ctbWVkaWEvaW50LzgwMzc3NEY0QTc1Q0NBRkU2QzQ1MUE4Nz/ExRjM3RTMwQkI0NUI3M0FGMTIzM0NDN0Q4RkI5NTlCMTlEQzU1MTMucG5n.png",
      "https://imgproxy-retcat.assets.schwarz/fd8RxOIYPS0cPNh2_A7jJVUg2xvL2HAl_O9wcZEirRs/sm:1/w:427/h:320/cz/M6Ly9wcm9kLWNhd/GFsb2ctbWVkaWEvaW50LzcwQUY0Qjc0NTJCRUZEOTM3NTgxQ0E4NT/RDMkNGMkNERDIyMzc4NjM5ODFGOEM2NTJFRkVERkVGRDFEMTIxNzgucG5n.png",
      "https://imgproxy-retcat.assets.schwarz/8b-gOnvmYpgRT39o7TUnKC4GjCXC8kRgqDmOJsUH1LA/sm:1/w:427/h:320/cz/M6Ly9wcm9kLWNhd/GFsb2ctbWVkaWEvaW50LzRFMzc0REEwRjg1MjFGMEE3NUFGMjA5Qj/QwMTU5NjBGMDAxQUFCNEU4NTNEQjQwMUM5MTAxOUEyM0MwQkMxRDEucG5n.png"
    ],
    "image_accessibility": "Chef Select testeninska solata z baziličnim pestom, 250g.",
    "detailed_images": [
      {
        "url": "https://imgproxy-retcat.assets.schwarz/Swt5LwNjjnj0YnV29dts38jFyzt7mP-HsuwZnHvKhio/sm:1/w:427/h:320/cz/M6Ly9wcm9kLWNhd/GFsb2ctbWVkaWEvaW50LzgwMzc3NEY0QTc1Q0NBRkU2QzQ1MUE4Nz/ExRjM3RTMwQkI0NUI3M0FGMTIzM0NDN0Q4RkI5NTlCMTlEQzU1MTMucG5n.png",
        "accessibility": "Chef Select testeninska solata z baziličnim pestom, 250g."
      },
      {
        "url": "https://imgproxy-retcat.assets.schwarz/fd8RxOIYPS0cPNh2_A7jJVUg2xvL2HAl_O9wcZEirRs/sm:1/w:427/h:320/cz/M6Ly9wcm9kLWNhd/GFsb2ctbWVkaWEvaW50LzcwQUY0Qjc0NTJCRUZEOTM3NTgxQ0E4NT/RDMkNGMkNERDIyMzc4NjM5ODFGOEM2NTJFRkVERkVGRDFEMTIxNzgucG5n.png",
        "accessibility": "Testeninska solata s piščancem in papriko v plastični posodi."
      },
      {
        "url": "https://imgproxy-retcat.assets.schwarz/8b-gOnvmYpgRT39o7TUnKC4GjCXC8kRgqDmOJsUH1LA/sm:1/w:427/h:320/cz/M6Ly9wcm9kLWNhd/GFsb2ctbWVkaWEvaW50LzRFMzc0REEwRjg1MjFGMEE3NUFGMjA5Qj/QwMTU5NjBGMDAxQUFCNEU4NTNEQjQwMUM5MTAxOUEyM0MwQkMxRDEucG5n.png",
        "accessibility": "Chef Select testeninska solata s paradižnikom in mocarelo."
      }
    ],
    "analytics_category": "Food",
    "more_details": "Dodatne podrobnosti o izdelku",
    "won_category_primary": "Svetovi potreb/Hrana in bližnja hrana/Pripravljene jedi (razen zamrznjene pice itd. in pekovskih izdelkov)",
    "won_category_primary_path": "0/17/1711",
    "canonical_path": "/p/chef-select-testeninska-solata/p10080135",
    "canonical_url": "/p/chef-select-testeninska-solata/p10080135",
    "awards": [],
    "seals": [
      {
        "altText": "Nalepka: Hlajeno",
        "image": "https://imgproxy-retcat.assets.schwarz/7x3Iby7aD19hFySDnP2YoXt7E1r0JrvJVj0QO1gUOes/sm:1/w:140/cz/M6Ly9wcm9kLWNhd/GFsb2ctbWVkaWEvc2kvMi8xMzFBN0E2RDlCREZGREQxOEE2OTFDNEZ/FNDE5RTM0QUMxQjY4OEQ0OUY2QTAxMTRDRjQ1RjdCNTNDRjM2NUJBLnBuZw.png"
      }
    ],
    "ribbons": [],
    "highlighted_seals": 0,
    "lidl_plus": [],
    "regions": [],
    "ians": [
      "153240"
    ],
    "show_brand": true,
    "deal_of_day_active": false,
    "full_title_meta": "CHEF SELECT Testeninska solata",
    "lists": [
      16
    ],
    "preview": false,
    "category_breadcrumbs": [
      {
        "id": "10068374",
        "name": "Hrana in pijača",
        "url": "/c/hrana-in-pijaca/s10068374",
        "hidden": false
      },
      {
        "id": "10071020",
        "name": "Gotove jed",
        "url": "/h/gotove-jed/h10071020",
        "hidden": false
      }
    ],
    "campaigns": [
      {
        "id": "10025136",
        "name": "Novo v ponudbi",
        "url": "/c/novo-v-ponudbi/a10025136",
        "hidden": false
      }
    ],
    "world_of_needs_code": "1711",
    "world_of_needs_name": "Pripravljene jedi (razen zamrznjene pice itd. in pekovskih izdelkov)",
    "world_of_needs_parent": "17",
    "is_main_category": true,
    "super_categories": [
      {
        "code": "17",
        "name": "Hrana in bližnja hrana",
        "parent": "0"
      },
      {
        "code": "0",
        "name": "Svetovi potreb",
        "parent": ""
      }
    ],
    "position": 476,
    "tracking_payload": {
      "searchTrackingMasterId": "Product.10080135",
      "searchTrackingTitle": "Testeninska+solata",
      "searchTrackingPageSize": 100,
      "searchTrackingPage": 5,
      "searchTrackingEvent": "click",
      "list": "search",
      "searchTrackingId": "Product.10080135",
      "searchTrackingOrigPos": 1,
      "searchTrackingPos": 476,
      "searchTrackingOrigPageSize": 100,
      "searchTrackingChannel": "SI",
      "category": "Food"
    }
  },
  {
    "code": "10080136",
    "name": "Ekstra deviško oljčno olje",
    "url": "",
    "result_class": "product",
    "type": "product",
    "product_id": 10080136,
    "erp_number": "10080136",
    "item_id": 10080136,
    "full_title": "DELUXE Ekstra deviško oljčno olje",
    "title": "Ekstra deviško oljčno olje ",
    "category": "Food",
    "product_type": "RETAIL",
    "age_restriction": false,
    "is_used_product": false,
    "multipack": false,
    "online": false,
    "store": true,
    "quick_add_to_cart": false,
    "flash_sales": false,
    "having_videos": false,
    "having_threesixty": false,
    "price": 8.99,
    "old_price": 0.0,
    "currency_code": "EUR",
    "currency_symbol": "€",
    "has_star": true,
    "has_vat": false,
    "price_theme": "white_red",
    "variants_have_different_prices": false,
    "base_price_text": "1 l = 17.98",
    "base_price_prefix": false,
    "packaging_text": "500 ml",
    "discount_deleted_price": null,
    "discount_text": null,
    "discount_percentage": null,
    "discount_has_star": null,
    "show_discount": null,
    "show_percentage": null,
    "from_recommended_price": null,
    "availability_indicator": 0,
    "online_available": false,
    "min_orderable_quantity": 1,
    "orderable_quantities": [],
    "badge_texts": [
      "V trgovini"
    ],
    "badge_types": [
      "IN_STORE"
    ],
    "main_image": "https://imgproxy-retcat.assets.schwarz/5y66HSAMYKifcuQC-aS0-VoBWTrUg-cMvzJewVjC6K0/sm:1/w:427/h:320/cz/M6Ly9wcm9kLWNhd/GFsb2ctbWVkaWEvaW50L0VERDdFN0M0NzZBRjg4QUI3MEI3RkZFRU/QwMzVCMjY0OTYxOTIyMTFENDc0NDZDRkNDMEI0RjU2MjI2NTFGNTYucG5n.png",
    "image_list": [
      "https://imgproxy-retcat.assets.schwarz/5y66HSAMYKifcuQC-aS0-VoBWTrUg-cMvzJewVjC6K0/sm:1/w:427/h:320/cz/M6Ly9wcm9kLWNhd/GFsb2ctbWVkaWEvaW50L0VERDdFN0M0NzZBRjg4QUI3MEI3RkZFRU/QwMzVCMjY0OTYxOTIyMTFENDc0NDZDRkNDMEI0RjU2MjI2NTFGNTYucG5n.png"
    ],
    "image_accessibility": "Luksuzno olivno olje Chania Kriti v steklenici.",
    "detailed_images": [
      {
        "url": "https://imgproxy-retcat.assets.schwarz/5y66HSAMYKifcuQC-aS0-VoBWTrUg-cMvzJewVjC6K0/sm:1/w:427/h:320/cz/M6Ly9wcm9kLWNhd/GFsb2ctbWVkaWEvaW50L0VERDdFN0M0NzZBRjg4QUI3MEI3RkZFRU/QwMzVCMjY0OTYxOTIyMTFENDc0NDZDRkNDMEI0RjU2MjI2NTFGNTYucG5n.png",
        "accessibility": "Luksuzno olivno olje Chania Kriti v steklenici."
      }
    ],
    "analytics_category": "Food",
    "more_details": "Dodatne podrobnosti o izdelku",
    "won_category_primary": "Svetovi potreb/Hrana in bližnja hrana/Maščobe, olja, kis in konzerve",
    "won_category_primary_path": "0/17/1735",
    "canonical_path": "/p/deluxe-ekstra-devisko-oljcno-olje/p10080136",
    "canonical_url": "/p/deluxe-ekstra-devisko-oljcno-olje/p10080136",
    "awards": [],
    "seals": [
      {
        "altText": "Zaščitena geografska označba.",
        "image": "https://imgproxy-retcat.assets.schwarz/iqWdzqe1AnDrrddJxIljNW9dfEUwlB16PhpW5kt6szw/sm:1/w:140/cz/M6Ly9wcm9kLWNhd/GFsb2ctbWVkaWEvc2kvMi9GQzlENTczN0ZGRDc3RUUzNjE1QzY5QTc/0Q0NDQUU2NTdBMjk2NEIzRjc4MzY1RThCQjk5NjFDNDcwNzlGRjdELnBuZw.png"
      }
    ],
    "ribbons": [],
    "highlighted_seals": 0,
    "lidl_plus": [],
    "regions": [],
    "ians": [
      "186242"
    ],
    "show_brand": true,
    "deal_of_day_active": false,
    "full_title_meta": "DELUXE Ekstra deviško oljčno olje",
    "lists": [
      16
    ],
    "preview": false,
    "category_breadcrumbs": [
      {
        "id": "10068374",
        "name": "Hrana in pijača",
        "url": "/c/hrana-in-pijaca/s10068374",
        "hidden": false
      },
      {
        "id": "10071681",
        "name": "Maščobe, olja, kis in konzerve",
        "url": "/h/mascobe-olja-kis-in-konzerve/h10071681",
        "hidden": false
      }
    ],
    "campaigns": [
      {
        "id": "10025136",
        "name": "Novo v ponudbi",
        "url": "/c/novo-v-ponudbi/a10025136",
        "hidden": false
      }
    ],
    "world_of_needs_code": "1735",
    "world_of_needs_name": "Maščobe, olja, kis in konzerve",
    "world_of_needs_parent": "17",
    "is_main_category": true,
    "super_categories": [
      {
        "code": "17",
        "name": "Hrana in bližnja hrana",
        "parent": "0"
      },
      {
        "code": "0",
        "name": "Svetovi potreb",
        "parent": ""
      }
    ],
    "position": 477,
    "tracking_payload": {
      "searchTrackingMasterId": "Product.10080136",
      "searchTrackingTitle": "Ekstra+devi%C5%A1ko+olj%C4%8Dno+olje",
      "searchTrackingPageSize": 100,
      "searchTrackingPage": 5,
      "searchTrackingEvent": "click",
      "list": "search",
      "searchTrackingId": "Product.10080136",
      "searchTrackingOrigPos": 1,
      "searchTrackingPos": 477,
      "searchTrackingOrigPageSize": 100,
      "searchTrackingChannel": "SI",
      "category": "Food"
    }
  },
  {
    "code": "10080137",
    "name": "Guacamole",
    "url": "",
    "result_class": "product",
    "type": "product",
    "product_id": 10080137,
    "erp_number": "10080137",
    "item_id": 10080137,
    "full_title": "CHEF SELECT Guacamole",
    "title": "Guacamole",
    "category": "Food",
    "product_type": "RETAIL",
    "age_restriction": false,
    "is_used_product": false,
    "multipack": false,
    "online": false,
    "store": true,
    "quick_add_to_cart": false,
    "flash_sales": false,
    "having_videos": false,
    "having_threesixty": false,
    "price": 2.49,
    "old_price": 0.0,
    "currency_code": "EUR",
    "currency_symbol": "€",
    "has_star": true,
    "has_vat": false,
    "price_theme": "white_red",
    "variants_have_different_prices": false,
    "base_price_text": "1 kg = 16.60",
    "base_price_prefix": false,
    "packaging_text": "150 g",
    "discount_deleted_price": null,
    "discount_text": null,
    "discount_percentage": null,
    "discount_has_star": null,
    "show_discount": null,
    "show_percentage": null,
    "from_recommended_price": null,
    "availability_indicator": 0,
    "online_available": false,
    "min_orderable_quantity": 1,
    "orderable_quantities": [],
    "badge_texts": [
      "V trgovini"
    ],
    "badge_types": [
      "IN_STORE"
    ],
    "main_image": "https://imgproxy-retcat.assets.schwarz/lnxu8wYO3U6c8OmCd1UAPtT9jJBjoromQ47Ue2EfyFw/sm:1/w:427/h:320/cz/M6Ly9wcm9kLWNhd/GFsb2ctbWVkaWEvaW50LzkyNjA1QTA4MzlDRTJDNTkyMjIxNkMwQT/BEOUU2MThEMDdGRjI0NjBFMkZBMEJGMzMyRjg1RDAxRjRCQTIxQkIucG5n.png",
    "image_list": [
      "https://imgproxy-retcat.assets.schwarz/lnxu8wYO3U6c8OmCd1UAPtT9jJBjoromQ47Ue2EfyFw/sm:1/w:427/h:320/cz/M6Ly9wcm9kLWNhd/GFsb2ctbWVkaWEvaW50LzkyNjA1QTA4MzlDRTJDNTkyMjIxNkMwQT/BEOUU2MThEMDdGRjI0NjBFMkZBMEJGMzMyRjg1RDAxRjRCQTIxQkIucG5n.png"
    ],
    "image_accessibility": "Klasična guacamole Chef Select.",
    "detailed_images": [
      {
        "url": "https://imgproxy-retcat.assets.schwarz/lnxu8wYO3U6c8OmCd1UAPtT9jJBjoromQ47Ue2EfyFw/sm:1/w:427/h:320/cz/M6Ly9wcm9kLWNhd/GFsb2ctbWVkaWEvaW50LzkyNjA1QTA4MzlDRTJDNTkyMjIxNkMwQT/BEOUU2MThEMDdGRjI0NjBFMkZBMEJGMzMyRjg1RDAxRjRCQTIxQkIucG5n.png",
        "accessibility": "Klasična guacamole Chef Select."
      }
    ],
    "analytics_category": "Food",
    "more_details": "Dodatne podrobnosti o izdelku",
    "won_category_primary": "Svetovi potreb/Hrana in bližnja hrana/Sadje in zelenjava",
    "won_category_primary_path": "0/17/1710",
    "canonical_path": "/p/chef-select-guacamole/p10080137",
    "canonical_url": "/p/chef-select-guacamole/p10080137",
    "awards": [],
    "seals": [
      {
        "altText": "Nalepka: Hlajeno",
        "image": "https://imgproxy-retcat.assets.schwarz/7x3Iby7aD19hFySDnP2YoXt7E1r0JrvJVj0QO1gUOes/sm:1/w:140/cz/M6Ly9wcm9kLWNhd/GFsb2ctbWVkaWEvc2kvMi8xMzFBN0E2RDlCREZGREQxOEE2OTFDNEZ/FNDE5RTM0QUMxQjY4OEQ0OUY2QTAxMTRDRjQ1RjdCNTNDRjM2NUJBLnBuZw.png"
      }
    ],
    "ribbons": [],
    "highlighted_seals": 0,
    "lidl_plus": [],
    "regions": [],
    "ians": [
      "201021"
    ],
    "show_brand": true,
    "deal_of_day_active": false,
    "full_title_meta": "CHEF SELECT Guacamole",
    "lists": [
      16
    ],
    "preview": false,
    "category_breadcrumbs": [
      {
        "id": "10068374",
        "name": "Hrana in pijača",
        "url": "/c/hrana-in-pijaca/s10068374",
        "hidden": false
      },
      {
        "id": "10071012",
        "name": "Sadje in zelenjava",
        "url": "/h/sadje-in-zelenjava/h10071012",
        "hidden": false
      }
    ],
    "campaigns": [
      {
        "id": "10025136",
        "name": "Novo v ponudbi",
        "url": "/c/novo-v-ponudbi/a10025136",
        "hidden": false
      }
    ],
    "world_of_needs_code": "1710",
    "world_of_needs_name": "Sadje in zelenjava",
    "world_of_needs_parent": "17",
    "is_main_category": true,
    "super_categories": [
      {
        "code": "17",
        "name": "Hrana in bližnja hrana",
        "parent": "0"
      },
      {
        "code": "0",
        "name": "Svetovi potreb",
        "parent": ""
      }
    ],
    "position": 478,
    "tracking_payload": {
      "searchTrackingMasterId": "Product.10080137",
      "searchTrackingTitle": "Guacamole",
      "searchTrackingPageSize": 100,
      "searchTrackingPage": 5,
      "searchTrackingEvent": "click",
      "list": "search",
      "searchTrackingId": "Product.10080137",
      "searchTrackingOrigPos": 1,
      "searchTrackingPos": 478,
      "searchTrackingOrigPageSize": 100,
      "searchTrackingChannel": "SI",
      "category": "Food"
    }
  },
  {
    "code": "10080138",
    "name": "Jagodni namaz",
    "url": "",
    "result_class": "product",
    "type": "product",
    "product_id": 10080138,
    "erp_number": "10080138",
    "item_id": 10080138,
    "full_title": "MARIBEL Jagodni namaz",
    "title": "Jagodni namaz",
    "category": "Food",
    "product_type": "RETAIL",
    "age_restriction": false,
    "is_used_product": false,
    "multipack": false,
    "online": false,
    "store": true,
    "quick_add_to_cart": false,
    "flash_sales": false,
    "having_videos": false,
    "having_threesixty": false,
    "price": 2.39,
    "old_price": 0.0,
    "currency_code": "EUR",
    "currency_symbol": "€",
    "has_star": true,
    "has_vat": false,
    "price_theme": "white_red",
    "variants_have_different_prices": false,
    "base_price_text": "1 kg = 5.31",
    "base_price_prefix": false,
    "packaging_text": "450 g",
    "discount_deleted_price": null,
    "discount_text": null,
    "discount_percentage": null,
    "discount_has_star": null,
    "show_discount": null,
    "show_percentage": null,
    "from_recommended_price": null,
    "availability_indicator": 0,
    "online_available": false,
    "min_orderable_quantity": 1,
    "orderable_quantities": [],
    "badge_texts": [
      "V trgovini"
    ],
    "badge_types": [
      "IN_STORE"
    ],
    "main_image": "https://imgproxy-retcat.assets.schwarz/QotLnSbb-v1N_q9ZymT0wku5vmmE4_R9dtYP-sr-YiM/sm:1/w:427/h:320/cz/M6Ly9wcm9kLWNhd/GFsb2ctbWVkaWEvaW50L0RBNUJGM0RDMTRFQkI5QkFFRjQzQzM4N0/RFQjA1RjA4REYyNEYwMUE4NkNFNjM5OTExRTgxQ0JDRkM1RTkzNjAucG5n.png",
    "image_list": [
      "https://imgproxy-retcat.assets.schwarz/QotLnSbb-v1N_q9ZymT0wku5vmmE4_R9dtYP-sr-YiM/sm:1/w:427/h:320/cz/M6Ly9wcm9kLWNhd/GFsb2ctbWVkaWEvaW50L0RBNUJGM0RDMTRFQkI5QkFFRjQzQzM4N0/RFQjA1RjA4REYyNEYwMUE4NkNFNjM5OTExRTgxQ0JDRkM1RTkzNjAucG5n.png",
      "https://imgproxy-retcat.assets.schwarz/StHLnE7YxAgX4Gps-C2ItirnT2SLILXwCjXUF70d23E/sm:1/w:427/h:320/cz/M6Ly9wcm9kLWNhd/GFsb2ctbWVkaWEvaW50LzdDODYxOTA1NjU2MDVGNjYwMjFBMTVGN0/UxRUZBODRBQ0Y2RjIwOUIyNENDOUJCODNDN0E0QzE3RjVFMERDMjUucG5n.png"
    ],
    "image_accessibility": "Maribel jagodno-malinov džem v kozarcu.",
    "detailed_images": [
      {
        "url": "https://imgproxy-retcat.assets.schwarz/QotLnSbb-v1N_q9ZymT0wku5vmmE4_R9dtYP-sr-YiM/sm:1/w:427/h:320/cz/M6Ly9wcm9kLWNhd/GFsb2ctbWVkaWEvaW50L0RBNUJGM0RDMTRFQkI5QkFFRjQzQzM4N0/RFQjA1RjA4REYyNEYwMUE4NkNFNjM5OTExRTgxQ0JDRkM1RTkzNjAucG5n.png",
        "accessibility": "Maribel jagodno-malinov džem v kozarcu."
      },
      {
        "url": "https://imgproxy-retcat.assets.schwarz/StHLnE7YxAgX4Gps-C2ItirnT2SLILXwCjXUF70d23E/sm:1/w:427/h:320/cz/M6Ly9wcm9kLWNhd/GFsb2ctbWVkaWEvaW50LzdDODYxOTA1NjU2MDVGNjYwMjFBMTVGN0/UxRUZBODRBQ0Y2RjIwOUIyNENDOUJCODNDN0E0QzE3RjVFMERDMjUucG5n.png",
        "accessibility": "Maribel ekstra marmelada iz kislih češenj."
      }
    ],
    "analytics_category": "Food",
    "more_details": "Dodatne podrobnosti o izdelku",
    "won_category_primary": "Svetovi potreb/Hrana in bližnja hrana/Džem, marmelada in med",
    "won_category_primary_path": "0/17/1712",
    "canonical_path": "/p/maribel-jagodni-namaz/p10080138",
    "canonical_url": "/p/maribel-jagodni-namaz/p10080138",
    "awards": [],
    "seals": [],
    "ribbons": [],
    "highlighted_seals": 0,
    "lidl_plus": [],
    "regions": [],
    "ians": [
      "223763"
    ],
    "show_brand": true,
    "deal_of_day_active": false,
    "full_title_meta": "MARIBEL Jagodni namaz",
    "lists": [
      16
    ],
    "preview": false,
    "category_breadcrumbs": [
      {
        "id": "10068374",
        "name": "Hrana in pijača",
        "url": "/c/hrana-in-pijaca/s10068374",
        "hidden": false
      },
      {
        "id": "10071684",
        "name": "Džemi in namazi",
        "url": "/h/dzemi-in-namazi/h10071684",
        "hidden": false
      }
    ],
    "campaigns": [
      {
        "id": "10025136",
        "name": "Novo v ponudbi",
        "url": "/c/novo-v-ponudbi/a10025136",
        "hidden": false
      }
    ],
    "world_of_needs_code": "1712",
    "world_of_needs_name": "Džem, marmelada in med",
    "world_of_needs_parent": "17",
    "is_main_category": true,
    "super_categories": [
      {
        "code": "17",
        "name": "Hrana in bližnja hrana",
        "parent": "0"
      },
      {
        "code": "0",
        "name": "Svetovi potreb",
        "parent": ""
      }
    ],
    "position": 479,
    "tracking_payload": {
      "searchTrackingMasterId": "Product.10080138",
      "searchTrackingTitle": "Jagodni+namaz",
      "searchTrackingPageSize": 100,
      "searchTrackingPage": 5,
      "searchTrackingEvent": "click",
      "list": "search",
      "searchTrackingId": "Product.10080138",
      "searchTrackingOrigPos": 1,
      "searchTrackingPos": 479,
      "searchTrackingOrigPageSize": 100,
      "searchTrackingChannel": "SI",
      "category": "Food"
    }
  },
  {
    "code": "10080139",
    "name": "Premium čaj",
    "url": "",
    "result_class": "product",
    "type": "product",
    "product_id": 10080139,
    "erp_number": "10080139",
    "item_id": 10080139,
    "full_title": "DELUXE Premium čaj",
    "title": "Premium čaj",
    "category": "Food",
    "product_type": "RETAIL",
    "age_restriction": false,
    "is_used_product": false,
    "multipack": false,
    "online": false,
    "store": true,
    "quick_add_to_cart": false,
    "flash_sales": false,
    "having_videos": false,
    "having_threesixty": false,
    "price": 1.99,
    "old_price": 0.0,
    "currency_code": "EUR",
    "currency_symbol": "€",
    "has_star": true,
    "has_vat": false,
    "price_theme": "white_red",
    "variants_have_different_prices": false,
    "base_price_text": "1 kg = 53.07",
    "base_price_prefix": false,
    "packaging_text": "15x2,5 g",
    "discount_deleted_price": null,
    "discount_text": null,
    "discount_percentage": null,
    "discount_has_star": null,
    "show_discount": null,
    "show_percentage": null,
    "from_recommended_price": null,
    "availability_indicator": 0,
    "online_available": false,
    "min_orderable_quantity": 1,
    "orderable_quantities": [],
    "badge_texts": [
      "V trgovini"
    ],
    "badge_types": [
      "IN_STORE"
    ],
    "main_image": "https://imgproxy-retcat.assets.schwarz/pGNL_1lTl5lgZx1iUQT6wA1aUI5AmoN-Al--wZHLTWQ/sm:1/w:427/h:320/cz/M6Ly9wcm9kLWNhd/GFsb2ctbWVkaWEvaW50LzBDOUUxN0Y0QTE4ODRGQTY0Q0I5MUU3ND/Y4Q0RBMkQ4MTI0NjdFQzUwRkEwQ0ZDMjBERTU3NDFCNjBDM0IxNTMucG5n.png",
    "image_list": [
      "https://imgproxy-retcat.assets.schwarz/pGNL_1lTl5lgZx1iUQT6wA1aUI5AmoN-Al--wZHLTWQ/sm:1/w:427/h:320/cz/M6Ly9wcm9kLWNhd/GFsb2ctbWVkaWEvaW50LzBDOUUxN0Y0QTE4ODRGQTY0Q0I5MUU3ND/Y4Q0RBMkQ4MTI0NjdFQzUwRkEwQ0ZDMjBERTU3NDFCNjBDM0IxNTMucG5n.png",
      "https://imgproxy-retcat.assets.schwarz/PkxnrlRyHme1fPgOr4FBbJkbcGBokZVSaMJnGD39GoA/sm:1/w:427/h:320/cz/M6Ly9wcm9kLWNhd/GFsb2ctbWVkaWEvaW50L0M4Q0E4QjdEMzdFMDA2Mjc3NzI1ODA2RT/QzODE5M0NDMjEyMzhGOUM1MDc3NkI5RUMxNTM2N0E4Qjg5RkRCN0IucG5n.png",
      "https://imgproxy-retcat.assets.schwarz/4bpnynJpmAQrmCsLWFwaXvyU2hRsRJRfdeJJYSzo0MU/sm:1/w:427/h:320/cz/M6Ly9wcm9kLWNhd/GFsb2ctbWVkaWEvaW50LzYyQkRFM0VDMjI1Q0EwMkY3RkNCMkI1Mk/Q0RUQzNTIxMERCNjVGQUI3MkVFMjRCRTdGNjQzMzU2NDE5MjEwMjgucG5n.png"
    ],
    "image_accessibility": "Deluxe sadno-zeliščni čaj z jabolkom, mirabelkami in kislimi češnjami.",
    "detailed_images": [
      {
        "url": "https://imgproxy-retcat.assets.schwarz/pGNL_1lTl5lgZx1iUQT6wA1aUI5AmoN-Al--wZHLTWQ/sm:1/w:427/h:320/cz/M6Ly9wcm9kLWNhd/GFsb2ctbWVkaWEvaW50LzBDOUUxN0Y0QTE4ODRGQTY0Q0I5MUU3ND/Y4Q0RBMkQ4MTI0NjdFQzUwRkEwQ0ZDMjBERTU3NDFCNjBDM0IxNTMucG5n.png",
        "accessibility": "Deluxe sadno-zeliščni čaj z jabolkom, mirabelkami in kislimi češnjami."
      },
      {
        "url": "https://imgproxy-retcat.assets.schwarz/PkxnrlRyHme1fPgOr4FBbJkbcGBokZVSaMJnGD39GoA/sm:1/w:427/h:320/cz/M6Ly9wcm9kLWNhd/GFsb2ctbWVkaWEvaW50L0M4Q0E4QjdEMzdFMDA2Mjc3NzI1ODA2RT/QzODE5M0NDMjEyMzhGOUM1MDc3NkI5RUMxNTM2N0E4Qjg5RkRCN0IucG5n.png",
        "accessibility": "Deluxe sadno-zelišni čaj z rdečim ribezom in rabarbaro."
      },
      {
        "url": "https://imgproxy-retcat.assets.schwarz/4bpnynJpmAQrmCsLWFwaXvyU2hRsRJRfdeJJYSzo0MU/sm:1/w:427/h:320/cz/M6Ly9wcm9kLWNhd/GFsb2ctbWVkaWEvaW50LzYyQkRFM0VDMjI1Q0EwMkY3RkNCMkI1Mk/Q0RUQzNTIxMERCNjVGQUI3MkVFMjRCRTdGNjQzMzU2NDE5MjEwMjgucG5n.png",
        "accessibility": "Deluxe sadni čaj z ananasom in breskvami v piramidnih vrečkah."
      }
    ],
    "analytics_category": "Food",
    "more_details": "Dodatne podrobnosti o izdelku",
    "won_category_primary": "Svetovi potreb/Hrana in bližnja hrana/Kava, čaj in kakav",
    "won_category_primary_path": "0/17/1730",
    "canonical_path": "/p/deluxe-premium-caj/p10080139",
    "canonical_url": "/p/deluxe-premium-caj/p10080139",
    "awards": [],
    "seals": [],
    "ribbons": [],
    "highlighted_seals": 0,
    "lidl_plus": [],
    "regions": [],
    "ians": [
      "5505470"
    ],
    "show_brand": true,
    "deal_of_day_active": false,
    "full_title_meta": "DELUXE Premium čaj",
    "lists": [
      16
    ],
    "preview": false,
    "category_breadcrumbs": [
      {
        "id": "10068374",
        "name": "Hrana in pijača",
        "url": "/c/hrana-in-pijaca/s10068374",
        "hidden": false
      },
      {
        "id": "10071683",
        "name": "Kava, čaj in kakav",
        "url": "/h/kava-caj-in-kakav/h10071683",
        "hidden": false
      }
    ],
    "campaigns": [
      {
        "id": "10025136",
        "name": "Novo v ponudbi",
        "url": "/c/novo-v-ponudbi/a10025136",
        "hidden": false
      }
    ],
    "world_of_needs_code": "1730",
    "world_of_needs_name": "Kava, čaj in kakav",
    "world_of_needs_parent": "17",
    "is_main_category": true,
    "super_categories": [
      {
        "code": "17",
        "name": "Hrana in bližnja hrana",
        "parent": "0"
      },
      {
        "code": "0",
        "name": "Svetovi potreb",
        "parent": ""
      }
    ],
    "position": 480,
    "tracking_payload": {
      "searchTrackingMasterId": "Product.10080139",
      "searchTrackingTitle": "Premium+%C4%8Daj",
      "searchTrackingPageSize": 100,
      "searchTrackingPage": 5,
      "searchTrackingEvent": "click",
      "list": "search",
      "searchTrackingId": "Product.10080139",
      "searchTrackingOrigPos": 1,
      "searchTrackingPos": 480,
      "searchTrackingOrigPageSize": 100,
      "searchTrackingChannel": "SI",
      "category": "Food"
    }
  },
  {
    "code": "10080140",
    "name": "Mortadela Bologna",
    "url": "",
    "result_class": "product",
    "type": "product",
    "product_id": 10080140,
    "erp_number": "10080140",
    "item_id": 10080140,
    "full_title": "DELUXE Mortadela Bologna",
    "title": "Mortadela Bologna",
    "category": "Food",
    "product_type": "RETAIL",
    "age_restriction": false,
    "is_used_product": false,
    "multipack": false,
    "online": false,
    "store": true,
    "quick_add_to_cart": false,
    "flash_sales": false,
    "having_videos": false,
    "having_threesixty": false,
    "price": 1.99,
    "old_price": 0.0,
    "currency_code": "EUR",
    "currency_symbol": "€",
    "has_star": true,
    "has_vat": false,
    "price_theme": "white_red",
    "variants_have_different_prices": false,
    "base_price_text": "1 kg = 16.58",
    "base_price_prefix": false,
    "packaging_text": "120 g",
    "discount_deleted_price": null,
    "discount_text": null,
    "discount_percentage": null,
    "discount_has_star": null,
    "show_discount": null,
    "show_percentage": null,
    "from_recommended_price": null,
    "availability_indicator": 0,
    "online_available": false,
    "min_orderable_quantity": 1,
    "orderable_quantities": [],
    "badge_texts": [
      "V trgovini"
    ],
    "badge_types": [
      "IN_STORE"
    ],
    "main_image": "https://imgproxy-retcat.assets.schwarz/4EPFx2HRw-jC00HsJQXb_crFhECrRMBgDMi7ZdhkduY/sm:1/w:427/h:320/cz/M6Ly9wcm9kLWNhd/GFsb2ctbWVkaWEvaW50L0JBRDVFMTkyMDcyNkVDRDU1MkY0RUQxN0/NEMjM2NTA4MEI3MUZGRTk3NTgzNTk4NzNCQTZCNUZFNTQ3Q0NBQzcucG5n.png",
    "image_list": [
      "https://imgproxy-retcat.assets.schwarz/4EPFx2HRw-jC00HsJQXb_crFhECrRMBgDMi7ZdhkduY/sm:1/w:427/h:320/cz/M6Ly9wcm9kLWNhd/GFsb2ctbWVkaWEvaW50L0JBRDVFMTkyMDcyNkVDRDU1MkY0RUQxN0/NEMjM2NTA4MEI3MUZGRTk3NTgzNTk4NzNCQTZCNUZFNTQ3Q0NBQzcucG5n.png"
    ],
    "image_accessibility": "Mortadela Bologna s pistacijami, Fratelli Beretta.",
    "detailed_images": [
      {
        "url": "https://imgproxy-retcat.assets.schwarz/4EPFx2HRw-jC00HsJQXb_crFhECrRMBgDMi7ZdhkduY/sm:1/w:427/h:320/cz/M6Ly9wcm9kLWNhd/GFsb2ctbWVkaWEvaW50L0JBRDVFMTkyMDcyNkVDRDU1MkY0RUQxN0/NEMjM2NTA4MEI3MUZGRTk3NTgzNTk4NzNCQTZCNUZFNTQ3Q0NBQzcucG5n.png",
        "accessibility": "Mortadela Bologna s pistacijami, Fratelli Beretta."
      }
    ],
    "analytics_category": "Food",
    "more_details": "Dodatne podrobnosti o izdelku",
    "won_category_primary": "Svetovi potreb/Hrana in bližnja hrana/Klobase in meso",
    "won_category_primary_path": "0/17/1717",
    "canonical_path": "/p/deluxe-mortadela-bologna/p10080140",
    "canonical_url": "/p/deluxe-mortadela-bologna/p10080140",
    "awards": [],
    "seals": [
      {
        "altText": "Zaščitena geografska označba.",
        "image": "https://imgproxy-retcat.assets.schwarz/iqWdzqe1AnDrrddJxIljNW9dfEUwlB16PhpW5kt6szw/sm:1/w:140/cz/M6Ly9wcm9kLWNhd/GFsb2ctbWVkaWEvc2kvMi9GQzlENTczN0ZGRDc3RUUzNjE1QzY5QTc/0Q0NDQUU2NTdBMjk2NEIzRjc4MzY1RThCQjk5NjFDNDcwNzlGRjdELnBuZw.png"
      },
      {
        "altText": "Nalepka: Hlajeno",
        "image": "https://imgproxy-retcat.assets.schwarz/7x3Iby7aD19hFySDnP2YoXt7E1r0JrvJVj0QO1gUOes/sm:1/w:140/cz/M6Ly9wcm9kLWNhd/GFsb2ctbWVkaWEvc2kvMi8xMzFBN0E2RDlCREZGREQxOEE2OTFDNEZ/FNDE5RTM0QUMxQjY4OEQ0OUY2QTAxMTRDRjQ1RjdCNTNDRjM2NUJBLnBuZw.png"
      }
    ],
    "ribbons": [],
    "highlighted_seals": 0,
    "lidl_plus": [],
    "regions": [],
    "ians": [
      "6000457"
    ],
    "show_brand": true,
    "deal_of_day_active": false,
    "full_title_meta": "DELUXE Mortadela Bologna",
    "lists": [
      16
    ],
    "preview": false,
    "category_breadcrumbs": [
      {
        "id": "10068374",
        "name": "Hrana in pijača",
        "url": "/c/hrana-in-pijaca/s10068374",
        "hidden": false
      },
      {
        "id": "10071016",
        "name": "Meso in mesni izdelki",
        "url": "/h/meso-in-mesni-izdelki/h10071016",
        "hidden": false
      }
    ],
    "campaigns": [
      {
        "id": "10025136",
        "name": "Novo v ponudbi",
        "url": "/c/novo-v-ponudbi/a10025136",
        "hidden": false
      }
    ],
    "world_of_needs_code": "1717",
    "world_of_needs_name": "Klobase in meso",
    "world_of_needs_parent": "17",
    "is_main_category": true,
    "super_categories": [
      {
        "code": "17",
        "name": "Hrana in bližnja hrana",
        "parent": "0"
      },
      {
        "code": "0",
        "name": "Svetovi potreb",
        "parent": ""
      }
    ],
    "position": 481,
    "tracking_payload": {
      "searchTrackingMasterId": "Product.10080140",
      "searchTrackingTitle": "Mortadela+Bologna",
      "searchTrackingPageSize": 100,
      "searchTrackingPage": 5,
      "searchTrackingEvent": "click",
      "list": "search",
      "searchTrackingId": "Product.10080140",
      "searchTrackingOrigPos": 1,
      "searchTrackingPos": 481,
      "searchTrackingOrigPageSize": 100,
      "searchTrackingChannel": "SI",
      "category": "Food"
    }
  },
  {
    "code": "10080141",
    "name": "Sir s tartufi",
    "url": "",
    "result_class": "product",
    "type": "product",
    "product_id": 10080141,
    "erp_number": "10080141",
    "item_id": 10080141,
    "full_title": "DELUXE Sir s tartufi",
    "title": "Sir s tartufi",
    "category": "Food",
    "product_type": "RETAIL",
    "age_restriction": false,
    "is_used_product": false,
    "multipack": false,
    "online": false,
    "store": true,
    "quick_add_to_cart": false,
    "flash_sales": false,
    "having_videos": false,
    "having_threesixty": false,
    "price": 2.99,
    "old_price": 0.0,
    "currency_code": "EUR",
    "currency_symbol": "€",
    "has_star": true,
    "has_vat": false,
    "price_theme": "white_red",
    "variants_have_different_prices": false,
    "base_price_text": "1 kg = 19.93",
    "base_price_prefix": false,
    "packaging_text": "150 g",
    "discount_deleted_price": null,
    "discount_text": null,
    "discount_percentage": null,
    "discount_has_star": null,
    "show_discount": null,
    "show_percentage": null,
    "from_recommended_price": null,
    "availability_indicator": 0,
    "online_available": false,
    "min_orderable_quantity": 1,
    "orderable_quantities": [],
    "badge_texts": [
      "V trgovini"
    ],
    "badge_types": [
      "IN_STORE"
    ],
    "main_image": "https://imgproxy-retcat.assets.schwarz/bMBX4hcEIeuTE7kRNNRgZ5uGXN9HB9cnaBCJGmzZNOk/sm:1/w:427/h:320/cz/M6Ly9wcm9kLWNhd/GFsb2ctbWVkaWEvaW50L0JBOTdBOEExNjA4MDI3OTEwNDA0MTBDMz/AxMDg4MDdFMUE5NUU3NUM2RTZDRDE4Mzg1NzhDMDM0RDUwNjczMkUucG5n.png",
    "image_list": [
      "https://imgproxy-retcat.assets.schwarz/bMBX4hcEIeuTE7kRNNRgZ5uGXN9HB9cnaBCJGmzZNOk/sm:1/w:427/h:320/cz/M6Ly9wcm9kLWNhd/GFsb2ctbWVkaWEvaW50L0JBOTdBOEExNjA4MDI3OTEwNDA0MTBDMz/AxMDg4MDdFMUE5NUU3NUM2RTZDRDE4Mzg1NzhDMDM0RDUwNjczMkUucG5n.png"
    ],
    "image_accessibility": "Sir Deluxe Toma Al Tartufo z okusom tartufov.",
    "detailed_images": [
      {
        "url": "https://imgproxy-retcat.assets.schwarz/bMBX4hcEIeuTE7kRNNRgZ5uGXN9HB9cnaBCJGmzZNOk/sm:1/w:427/h:320/cz/M6Ly9wcm9kLWNhd/GFsb2ctbWVkaWEvaW50L0JBOTdBOEExNjA4MDI3OTEwNDA0MTBDMz/AxMDg4MDdFMUE5NUU3NUM2RTZDRDE4Mzg1NzhDMDM0RDUwNjczMkUucG5n.png",
        "accessibility": "Sir Deluxe Toma Al Tartufo z okusom tartufov."
      }
    ],
    "analytics_category": "Food",
    "more_details": "Dodatne podrobnosti o izdelku",
    "won_category_primary": "Svetovi potreb/Hrana in bližnja hrana/Sir in mlečni izdelki (vključno z maslom in sirom)",
    "won_category_primary_path": "0/17/1718",
    "canonical_path": "/p/deluxe-sir-s-tartufi/p10080141",
    "canonical_url": "/p/deluxe-sir-s-tartufi/p10080141",
    "awards": [],
    "seals": [
      {
        "altText": "Nalepka: Hlajeno",
        "image": "https://imgproxy-retcat.assets.schwarz/7x3Iby7aD19hFySDnP2YoXt7E1r0JrvJVj0QO1gUOes/sm:1/w:140/cz/M6Ly9wcm9kLWNhd/GFsb2ctbWVkaWEvc2kvMi8xMzFBN0E2RDlCREZGREQxOEE2OTFDNEZ/FNDE5RTM0QUMxQjY4OEQ0OUY2QTAxMTRDRjQ1RjdCNTNDRjM2NUJBLnBuZw.png"
      }
    ],
    "ribbons": [],
    "highlighted_seals": 0,
    "lidl_plus": [],
    "regions": [],
    "ians": [
      "6000698"
    ],
    "show_brand": true,
    "deal_of_day_active": false,
    "full_title_meta": "DELUXE Sir s tartufi",
    "lists": [
      16
    ],
    "preview": false,
    "category_breadcrumbs": [
      {
        "id": "10068374",
        "name": "Hrana in pijača",
        "url": "/c/hrana-in-pijaca/s10068374",
        "hidden": false
      },
      {
        "id": "10071017",
        "name": " Sir &  Mlečni izdelki",
        "url": "/h/sir-mlecni-izdelki/h10071017",
        "hidden": false
      }
    ],
    "campaigns": [
      {
        "id": "10025136",
        "name": "Novo v ponudbi",
        "url": "/c/novo-v-ponudbi/a10025136",
        "hidden": false
      }
    ],
    "world_of_needs_code": "1718",
    "world_of_needs_name": "Sir in mlečni izdelki (vključno z maslom in sirom)",
    "world_of_needs_parent": "17",
    "is_main_category": true,
    "super_categories": [
      {
        "code": "17",
        "name": "Hrana in bližnja hrana",
        "parent": "0"
      },
      {
        "code": "0",
        "name": "Svetovi potreb",
        "parent": ""
      }
    ],
    "position": 482,
    "tracking_payload": {
      "searchTrackingMasterId": "Product.10080141",
      "searchTrackingTitle": "Sir+s+tartufi",
      "searchTrackingPageSize": 100,
      "searchTrackingPage": 5,
      "searchTrackingEvent": "click",
      "list": "search",
      "searchTrackingId": "Product.10080141",
      "searchTrackingOrigPos": 1,
      "searchTrackingPos": 482,
      "searchTrackingOrigPageSize": 100,
      "searchTrackingChannel": "SI",
      "category": "Food"
    }
  },
  {
    "code": "10080237",
    "name": "Sladoled na palčki",
    "url": "",
    "result_class": "product",
    "type": "product",
    "product_id": 10080237,
    "erp_number": "10080237",
    "item_id": 10080237,
    "full_title": "GELATELLI Sladoled na palčki",
    "title": "Sladoled na palčki",
    "category": "Food",
    "product_type": "RETAIL",
    "age_restriction": false,
    "is_used_product": false,
    "multipack": false,
    "online": false,
    "store": true,
    "quick_add_to_cart": false,
    "flash_sales": false,
    "having_videos": false,
    "having_threesixty": false,
    "price": 0.79,
    "old_price": 0.0,
    "currency_code": "EUR",
    "currency_symbol": "€",
    "has_star": true,
    "has_vat": false,
    "price_theme": "white_red",
    "variants_have_different_prices": false,
    "base_price_text": "1 l = 6.58",
    "base_price_prefix": false,
    "packaging_text": "120 ml",
    "discount_deleted_price": null,
    "discount_text": "ZGRABITE PRILOŽNOST!",
    "discount_percentage": null,
    "discount_has_star": false,
    "show_discount": false,
    "show_percentage": false,
    "from_recommended_price": false,
    "availability_indicator": 0,
    "online_available": false,
    "min_orderable_quantity": 1,
    "orderable_quantities": [],
    "badge_texts": [
      "V trgovini od 03.07. do 09.07."
    ],
    "badge_types": [
      "IN_STORE_PAST_DATE_RANGE"
    ],
    "main_image": "https://imgproxy-retcat.assets.schwarz/-KUSB9hZ7_owNX6vXkzYZkls97OTq3OxvA2ujSOnLB8/sm:1/w:427/h:320/cz/M6Ly9wcm9kLWNhd/GFsb2ctbWVkaWEvc2kvMS8zRjM0Q0IxMzBBREQwRUIzNjYyMEM2N0I/0RDY0MUNFOTQ4RkVFQkVGMDA5MEVGRTY1NzA4RjA4MkM5RjQxQTI2LmpwZw.jpg",
    "image_list": [
      "https://imgproxy-retcat.assets.schwarz/-KUSB9hZ7_owNX6vXkzYZkls97OTq3OxvA2ujSOnLB8/sm:1/w:427/h:320/cz/M6Ly9wcm9kLWNhd/GFsb2ctbWVkaWEvc2kvMS8zRjM0Q0IxMzBBREQwRUIzNjYyMEM2N0I/0RDY0MUNFOTQ4RkVFQkVGMDA5MEVGRTY1NzA4RjA4MkM5RjQxQTI2LmpwZw.jpg"
    ],
    "image_accessibility": "Pakiranje mandljev Golds.",
    "detailed_images": [
      {
        "url": "https://imgproxy-retcat.assets.schwarz/-KUSB9hZ7_owNX6vXkzYZkls97OTq3OxvA2ujSOnLB8/sm:1/w:427/h:320/cz/M6Ly9wcm9kLWNhd/GFsb2ctbWVkaWEvc2kvMS8zRjM0Q0IxMzBBREQwRUIzNjYyMEM2N0I/0RDY0MUNFOTQ4RkVFQkVGMDA5MEVGRTY1NzA4RjA4MkM5RjQxQTI2LmpwZw.jpg",
        "accessibility": "Pakiranje mandljev Golds."
      }
    ],
    "analytics_category": "Food",
    "more_details": "Dodatne podrobnosti o izdelku",
    "won_category_primary": "Svetovi potreb/Hrana in bližnja hrana/Prigrizki in slaščice",
    "won_category_primary_path": "0/17/1721",
    "canonical_path": "/p/gelatelli-sladoled-na-palcki/p10080237",
    "canonical_url": "/p/gelatelli-sladoled-na-palcki/p10080237",
    "awards": [],
    "seals": [
      {
        "altText": "Žig Rainforest Alliance: Ljudje & Narava",
        "image": "https://imgproxy-retcat.assets.schwarz/lbMCis-jGZQNzMXk3WVad3uyJkZ4j8S3P-DyZdCd0KE/sm:1/w:140/cz/M6Ly9wcm9kLWNhd/GFsb2ctbWVkaWEvc2kvMi9FNjBFQjg3QzI4NzMzREE2NTY4NzA1OUN/EMUZDNkVCNUEwMkQxODZDNkQ0MUNFMjVDREJCMjdGNThDRDhGNEJBLnBuZw.png"
      }
    ],
    "ribbons": [],
    "highlighted_seals": 0,
    "lidl_plus": [],
    "regions": [],
    "ians": [
      "31721"
    ],
    "show_brand": true,
    "deal_of_day_active": false,
    "full_title_meta": "GELATELLI Sladoled na palčki",
    "lists": [
      4986
    ],
    "preview": false,
    "category_breadcrumbs": [
      {
        "id": "10068374",
        "name": "Hrana in pijača",
        "url": "/c/hrana-in-pijaca/s10068374",
        "hidden": false
      },
      {
        "id": "10071044",
        "name": "Prigrizki in sladkarije",
        "url": "/h/prigrizki-in-sladkarije/h10071044",
        "hidden": false
      }
    ],
    "campaigns": [
      {
        "id": "Current_Sales_Week",
        "name": "Ta teden",
        "url": null,
        "hidden": false
      },
      {
        "id": "10072826",
        "name": "Tvoja osvežitev se začne v Lidlu.",
        "url": "/c/tvoja-osvezitev-se-zacne-v-lidlu/a10072826",
        "hidden": false
      }
    ],
    "world_of_needs_code": "1721",
    "world_of_needs_name": "Prigrizki in slaščice",
    "world_of_needs_parent": "17",
    "is_main_category": true,
    "super_categories": [
      {
        "code": "17",
        "name": "Hrana in bližnja hrana",
        "parent": "0"
      },
      {
        "code": "0",
        "name": "Svetovi potreb",
        "parent": ""
      }
    ],
    "position": 483,
    "tracking_payload": {
      "searchTrackingMasterId": "Product.10080237",
      "searchTrackingTitle": "Sladoled+na+pal%C4%8Dki",
      "searchTrackingPageSize": 100,
      "searchTrackingPage": 5,
      "searchTrackingEvent": "click",
      "list": "search",
      "searchTrackingId": "Product.10080237",
      "searchTrackingOrigPos": 1,
      "searchTrackingPos": 483,
      "searchTrackingOrigPageSize": 100,
      "searchTrackingChannel": "SI",
      "category": "Food"
    }
  },
  {
    "code": "10080704",
    "name": "Puranji medaljoni",
    "url": "",
    "result_class": "product",
    "type": "product",
    "product_id": 10080704,
    "erp_number": "10080704",
    "item_id": 10080704,
    "full_title": "NAŠE NAM PAŠE Puranji medaljoni",
    "title": "Puranji medaljoni",
    "category": "Food",
    "product_type": "RETAIL",
    "age_restriction": false,
    "is_used_product": false,
    "multipack": false,
    "online": false,
    "store": true,
    "quick_add_to_cart": false,
    "flash_sales": false,
    "having_videos": false,
    "having_threesixty": false,
    "price": 4.49,
    "old_price": 0.0,
    "currency_code": "EUR",
    "currency_symbol": "€",
    "has_star": true,
    "has_vat": false,
    "price_theme": "white_red",
    "variants_have_different_prices": false,
    "base_price_text": "1 kg = 11.23",
    "base_price_prefix": false,
    "packaging_text": "400 g",
    "discount_deleted_price": null,
    "discount_text": "ZGRABITE PRILOŽNOST!",
    "discount_percentage": null,
    "discount_has_star": false,
    "show_discount": false,
    "show_percentage": false,
    "from_recommended_price": false,
    "availability_indicator": 0,
    "online_available": false,
    "min_orderable_quantity": 1,
    "orderable_quantities": [],
    "badge_texts": [
      "V trgovini od 07.07. do 09.07."
    ],
    "badge_types": [
      "IN_STORE_TODAY_DATE_RANGE"
    ],
    "main_image": "https://imgproxy-retcat.assets.schwarz/pryqhFBYG3XBWWQ-364Tvxm_FZ5GzItZGGXg8z2N4hc/sm:1/w:427/h:320/cz/M6Ly9wcm9kLWNhd/GFsb2ctbWVkaWEvc2kvMS8xMUZFOEIzMjI5MTgyNjI3RjMyNTU1OTV/CNjE2RTAwNjI3RkMxQTlEOUVDNTFEMDA1QzE5MDhDNEQ2OUMxMDRGLmpwZw.jpg",
    "image_list": [
      "https://imgproxy-retcat.assets.schwarz/pryqhFBYG3XBWWQ-364Tvxm_FZ5GzItZGGXg8z2N4hc/sm:1/w:427/h:320/cz/M6Ly9wcm9kLWNhd/GFsb2ctbWVkaWEvc2kvMS8xMUZFOEIzMjI5MTgyNjI3RjMyNTU1OTV/CNjE2RTAwNjI3RkMxQTlEOUVDNTFEMDA1QzE5MDhDNEQ2OUMxMDRGLmpwZw.jpg"
    ],
    "image_accessibility": "Pakiranje treh puranjih medaljonov Mesečeva jasa.",
    "detailed_images": [
      {
        "url": "https://imgproxy-retcat.assets.schwarz/pryqhFBYG3XBWWQ-364Tvxm_FZ5GzItZGGXg8z2N4hc/sm:1/w:427/h:320/cz/M6Ly9wcm9kLWNhd/GFsb2ctbWVkaWEvc2kvMS8xMUZFOEIzMjI5MTgyNjI3RjMyNTU1OTV/CNjE2RTAwNjI3RkMxQTlEOUVDNTFEMDA1QzE5MDhDNEQ2OUMxMDRGLmpwZw.jpg",
        "accessibility": "Pakiranje treh puranjih medaljonov Mesečeva jasa."
      }
    ],
    "analytics_category": "Food",
    "more_details": "Dodatne podrobnosti o izdelku",
    "won_category_primary": "Svetovi potreb/Hrana in bližnja hrana/Klobase in meso",
    "won_category_primary_path": "0/17/1717",
    "canonical_path": "/p/nase-nam-pase-puranji-medaljoni/p10080704",
    "canonical_url": "/p/nase-nam-pase-puranji-medaljoni/p10080704",
    "awards": [],
    "seals": [],
    "ribbons": [],
    "highlighted_seals": 0,
    "lidl_plus": [],
    "regions": [],
    "ians": [
      "7302702"
    ],
    "show_brand": true,
    "deal_of_day_active": false,
    "full_title_meta": "NAŠE NAM PAŠE Puranji medaljoni",
    "lists": [
      4986
    ],
    "preview": false,
    "category_breadcrumbs": [
      {
        "id": "10068374",
        "name": "Hrana in pijača",
        "url": "/c/hrana-in-pijaca/s10068374",
        "hidden": false
      },
      {
        "id": "10071016",
        "name": "Meso in mesni izdelki",
        "url": "/h/meso-in-mesni-izdelki/h10071016",
        "hidden": false
      }
    ],
    "campaigns": [
      {
        "id": "Current_Sales_Week",
        "name": "Ta teden",
        "url": null,
        "hidden": false
      },
      {
        "id": "10074822",
        "name": "Tvoja Lidl cena",
        "url": "/c/tvoja-lidl-cena/a10074822",
        "hidden": false
      }
    ],
    "world_of_needs_code": "1717",
    "world_of_needs_name": "Klobase in meso",
    "world_of_needs_parent": "17",
    "is_main_category": true,
    "super_categories": [
      {
        "code": "17",
        "name": "Hrana in bližnja hrana",
        "parent": "0"
      },
      {
        "code": "0",
        "name": "Svetovi potreb",
        "parent": ""
      }
    ],
    "position": 484,
    "tracking_payload": {
      "searchTrackingMasterId": "Product.10080704",
      "searchTrackingTitle": "Puranji+medaljoni",
      "searchTrackingPageSize": 100,
      "searchTrackingPage": 5,
      "searchTrackingEvent": "click",
      "list": "search",
      "searchTrackingId": "Product.10080704",
      "searchTrackingOrigPos": 1,
      "searchTrackingPos": 484,
      "searchTrackingOrigPageSize": 100,
      "searchTrackingChannel": "SI",
      "category": "Food"
    }
  },
  {
    "code": "10080814",
    "name": "Bounty čokolada",
    "url": "",
    "result_class": "product",
    "type": "product",
    "product_id": 10080814,
    "erp_number": "10080814",
    "item_id": 10080814,
    "full_title": "Bounty čokolada",
    "title": "Bounty čokolada",
    "category": "Food",
    "product_type": "RETAIL",
    "age_restriction": false,
    "is_used_product": false,
    "multipack": false,
    "online": false,
    "store": true,
    "quick_add_to_cart": false,
    "flash_sales": false,
    "having_videos": false,
    "having_threesixty": false,
    "price": 1.19,
    "old_price": 0.0,
    "currency_code": "EUR",
    "currency_symbol": "€",
    "has_star": true,
    "has_vat": false,
    "price_theme": "white_red",
    "variants_have_different_prices": false,
    "base_price_text": "1 kg = 20.88",
    "base_price_prefix": false,
    "packaging_text": "57 g",
    "discount_deleted_price": null,
    "discount_text": null,
    "discount_percentage": null,
    "discount_has_star": null,
    "show_discount": null,
    "show_percentage": null,
    "from_recommended_price": null,
    "availability_indicator": 0,
    "online_available": false,
    "min_orderable_quantity": 1,
    "orderable_quantities": [],
    "badge_texts": [
      "V trgovini"
    ],
    "badge_types": [
      "IN_STORE"
    ],
    "main_image": "https://imgproxy-retcat.assets.schwarz/bH2rfPorwZDTBPY88CCA6g-LrwG_3SW3inHvQ0AfXw8/sm:1/w:427/h:320/cz/M6Ly9wcm9kLWNhd/GFsb2ctbWVkaWEvc2kvMS84RUZGNEY5QUEzQkI1NzM5RDlDRjdEQjE/5RkJBMjhBNDVCQjZFMkFDMDUyNTZGQkEwRTQ3MUU5M0JCOTZCMkI5LmpwZw.jpg",
    "image_list": [
      "https://imgproxy-retcat.assets.schwarz/bH2rfPorwZDTBPY88CCA6g-LrwG_3SW3inHvQ0AfXw8/sm:1/w:427/h:320/cz/M6Ly9wcm9kLWNhd/GFsb2ctbWVkaWEvc2kvMS84RUZGNEY5QUEzQkI1NzM5RDlDRjdEQjE/5RkJBMjhBNDVCQjZFMkFDMDUyNTZGQkEwRTQ3MUU5M0JCOTZCMkI5LmpwZw.jpg"
    ],
    "image_accessibility": "Bounty čokolada s kokosom.",
    "detailed_images": [
      {
        "url": "https://imgproxy-retcat.assets.schwarz/bH2rfPorwZDTBPY88CCA6g-LrwG_3SW3inHvQ0AfXw8/sm:1/w:427/h:320/cz/M6Ly9wcm9kLWNhd/GFsb2ctbWVkaWEvc2kvMS84RUZGNEY5QUEzQkI1NzM5RDlDRjdEQjE/5RkJBMjhBNDVCQjZFMkFDMDUyNTZGQkEwRTQ3MUU5M0JCOTZCMkI5LmpwZw.jpg",
        "accessibility": "Bounty čokolada s kokosom."
      }
    ],
    "analytics_category": "Food",
    "more_details": "Dodatne podrobnosti o izdelku",
    "won_category_primary": "Svetovi potreb/Hrana in bližnja hrana/Prigrizki in slaščice",
    "won_category_primary_path": "0/17/1721",
    "canonical_path": "/p/bounty-cokolada/p10080814",
    "canonical_url": "/p/bounty-cokolada/p10080814",
    "awards": [],
    "seals": [],
    "ribbons": [],
    "highlighted_seals": 0,
    "lidl_plus": [],
    "regions": [],
    "ians": [
      "203965"
    ],
    "show_brand": false,
    "deal_of_day_active": false,
    "full_title_meta": "Bounty čokolada",
    "lists": [
      16
    ],
    "preview": false,
    "category_breadcrumbs": [
      {
        "id": "10068374",
        "name": "Hrana in pijača",
        "url": "/c/hrana-in-pijaca/s10068374",
        "hidden": false
      },
      {
        "id": "10071044",
        "name": "Prigrizki in sladkarije",
        "url": "/h/prigrizki-in-sladkarije/h10071044",
        "hidden": false
      }
    ],
    "campaigns": [
      {
        "id": "10025136",
        "name": "Novo v ponudbi",
        "url": "/c/novo-v-ponudbi/a10025136",
        "hidden": false
      }
    ],
    "world_of_needs_code": "1721",
    "world_of_needs_name": "Prigrizki in slaščice",
    "world_of_needs_parent": "17",
    "is_main_category": true,
    "super_categories": [
      {
        "code": "17",
        "name": "Hrana in bližnja hrana",
        "parent": "0"
      },
      {
        "code": "0",
        "name": "Svetovi potreb",
        "parent": ""
      }
    ],
    "position": 485,
    "tracking_payload": {
      "searchTrackingMasterId": "Product.10080814",
      "searchTrackingTitle": "Bounty+%C4%8Dokolada",
      "searchTrackingPageSize": 100,
      "searchTrackingPage": 5,
      "searchTrackingEvent": "click",
      "list": "search",
      "searchTrackingId": "Product.10080814",
      "searchTrackingOrigPos": 1,
      "searchTrackingPos": 485,
      "searchTrackingOrigPageSize": 100,
      "searchTrackingChannel": "SI",
      "category": "Food"
    }
  },
  {
    "code": "10080815",
    "name": "Prosciutto di Parma",
    "url": "",
    "result_class": "product",
    "type": "product",
    "product_id": 10080815,
    "erp_number": "10080815",
    "item_id": 10080815,
    "full_title": "DELUXE Prosciutto di Parma",
    "title": "Prosciutto di Parma",
    "category": "Food",
    "product_type": "RETAIL",
    "age_restriction": false,
    "is_used_product": false,
    "multipack": false,
    "online": false,
    "store": true,
    "quick_add_to_cart": false,
    "flash_sales": false,
    "having_videos": false,
    "having_threesixty": false,
    "price": 3.19,
    "old_price": 0.0,
    "currency_code": "EUR",
    "currency_symbol": "€",
    "has_star": true,
    "has_vat": false,
    "price_theme": "white_red",
    "variants_have_different_prices": false,
    "base_price_text": "1 kg = 35.44",
    "base_price_prefix": false,
    "packaging_text": "90 g",
    "discount_deleted_price": null,
    "discount_text": null,
    "discount_percentage": null,
    "discount_has_star": null,
    "show_discount": null,
    "show_percentage": null,
    "from_recommended_price": null,
    "availability_indicator": 0,
    "online_available": false,
    "min_orderable_quantity": 1,
    "orderable_quantities": [],
    "badge_texts": [
      "V trgovini"
    ],
    "badge_types": [
      "IN_STORE"
    ],
    "main_image": "https://imgproxy-retcat.assets.schwarz/3JGtluKFZqEF48EV1D8iMM9nfhoa-RA0_oos0qBgciw/sm:1/w:427/h:320/cz/M6Ly9wcm9kLWNhd/GFsb2ctbWVkaWEvaW50L0NEQjUzRkE3NUM0NjBFNUNGMjRGMUQ4MU/EwN0U5ODlDREVBNzlEMENCRTBBQkMxODEzNzU3Rjg5RkUyQzcwRDIucG5n.png",
    "image_list": [
      "https://imgproxy-retcat.assets.schwarz/3JGtluKFZqEF48EV1D8iMM9nfhoa-RA0_oos0qBgciw/sm:1/w:427/h:320/cz/M6Ly9wcm9kLWNhd/GFsb2ctbWVkaWEvaW50L0NEQjUzRkE3NUM0NjBFNUNGMjRGMUQ4MU/EwN0U5ODlDREVBNzlEMENCRTBBQkMxODEzNzU3Rjg5RkUyQzcwRDIucG5n.png"
    ],
    "image_accessibility": "Embalaža Prosciutto di Parma DOP od Goldoni Annibale.",
    "detailed_images": [
      {
        "url": "https://imgproxy-retcat.assets.schwarz/3JGtluKFZqEF48EV1D8iMM9nfhoa-RA0_oos0qBgciw/sm:1/w:427/h:320/cz/M6Ly9wcm9kLWNhd/GFsb2ctbWVkaWEvaW50L0NEQjUzRkE3NUM0NjBFNUNGMjRGMUQ4MU/EwN0U5ODlDREVBNzlEMENCRTBBQkMxODEzNzU3Rjg5RkUyQzcwRDIucG5n.png",
        "accessibility": "Embalaža Prosciutto di Parma DOP od Goldoni Annibale."
      }
    ],
    "analytics_category": "Food",
    "more_details": "Dodatne podrobnosti o izdelku",
    "won_category_primary": "Svetovi potreb/Hrana in bližnja hrana/Prigrizki in slaščice",
    "won_category_primary_path": "0/17/1721",
    "canonical_path": "/p/deluxe-prosciutto-di-parma/p10080815",
    "canonical_url": "/p/deluxe-prosciutto-di-parma/p10080815",
    "awards": [],
    "seals": [
      {
        "altText": "Nalepka: Hlajeno",
        "image": "https://imgproxy-retcat.assets.schwarz/7x3Iby7aD19hFySDnP2YoXt7E1r0JrvJVj0QO1gUOes/sm:1/w:140/cz/M6Ly9wcm9kLWNhd/GFsb2ctbWVkaWEvc2kvMi8xMzFBN0E2RDlCREZGREQxOEE2OTFDNEZ/FNDE5RTM0QUMxQjY4OEQ0OUY2QTAxMTRDRjQ1RjdCNTNDRjM2NUJBLnBuZw.png"
      }
    ],
    "ribbons": [],
    "highlighted_seals": 0,
    "lidl_plus": [],
    "regions": [],
    "ians": [
      "6000752"
    ],
    "show_brand": true,
    "deal_of_day_active": false,
    "full_title_meta": "DELUXE Prosciutto di Parma",
    "lists": [
      16
    ],
    "preview": false,
    "category_breadcrumbs": [
      {
        "id": "10068374",
        "name": "Hrana in pijača",
        "url": "/c/hrana-in-pijaca/s10068374",
        "hidden": false
      },
      {
        "id": "10071044",
        "name": "Prigrizki in sladkarije",
        "url": "/h/prigrizki-in-sladkarije/h10071044",
        "hidden": false
      }
    ],
    "campaigns": [
      {
        "id": "10025136",
        "name": "Novo v ponudbi",
        "url": "/c/novo-v-ponudbi/a10025136",
        "hidden": false
      }
    ],
    "world_of_needs_code": "1721",
    "world_of_needs_name": "Prigrizki in slaščice",
    "world_of_needs_parent": "17",
    "is_main_category": true,
    "super_categories": [
      {
        "code": "17",
        "name": "Hrana in bližnja hrana",
        "parent": "0"
      },
      {
        "code": "0",
        "name": "Svetovi potreb",
        "parent": ""
      }
    ],
    "position": 486,
    "tracking_payload": {
      "searchTrackingMasterId": "Product.10080815",
      "searchTrackingTitle": "Prosciutto+di+Parma",
      "searchTrackingPageSize": 100,
      "searchTrackingPage": 5,
      "searchTrackingEvent": "click",
      "list": "search",
      "searchTrackingId": "Product.10080815",
      "searchTrackingOrigPos": 1,
      "searchTrackingPos": 486,
      "searchTrackingOrigPageSize": 100,
      "searchTrackingChannel": "SI",
      "category": "Food"
    }
  },
  {
    "code": "10081042",
    "name": "Snickers čokolada",
    "url": "",
    "result_class": "product",
    "type": "product",
    "product_id": 10081042,
    "erp_number": "10081042",
    "item_id": 10081042,
    "full_title": "SNICKERS Snickers čokolada",
    "title": "Snickers čokolada",
    "category": "Food",
    "product_type": "RETAIL",
    "age_restriction": false,
    "is_used_product": false,
    "multipack": false,
    "online": false,
    "store": true,
    "quick_add_to_cart": false,
    "flash_sales": false,
    "having_videos": false,
    "having_threesixty": false,
    "price": 1.19,
    "old_price": 0.0,
    "currency_code": "EUR",
    "currency_symbol": "€",
    "has_star": true,
    "has_vat": false,
    "price_theme": "white_red",
    "variants_have_different_prices": false,
    "base_price_text": "1 kg = 15.87",
    "base_price_prefix": false,
    "packaging_text": "75 g",
    "discount_deleted_price": null,
    "discount_text": null,
    "discount_percentage": null,
    "discount_has_star": null,
    "show_discount": null,
    "show_percentage": null,
    "from_recommended_price": null,
    "availability_indicator": 0,
    "online_available": false,
    "min_orderable_quantity": 1,
    "orderable_quantities": [],
    "badge_texts": [
      "V trgovini"
    ],
    "badge_types": [
      "IN_STORE"
    ],
    "main_image": "https://imgproxy-retcat.assets.schwarz/n40ZszxVKwOfvr19ibufeVNcbSRA_3U1qiAe7vih1go/sm:1/w:427/h:320/cz/M6Ly9wcm9kLWNhd/GFsb2ctbWVkaWEvc2kvMS81QkNGMjVEQTg1QURCMzNFMTQxQzAwRDZ/FMzU2NUQxQzlFNDcxRjE3MkNBNDc4REJDMzhBRkEwNTc0MDRBMDgzLmpwZw.jpg",
    "image_list": [
      "https://imgproxy-retcat.assets.schwarz/n40ZszxVKwOfvr19ibufeVNcbSRA_3U1qiAe7vih1go/sm:1/w:427/h:320/cz/M6Ly9wcm9kLWNhd/GFsb2ctbWVkaWEvc2kvMS81QkNGMjVEQTg1QURCMzNFMTQxQzAwRDZ/FMzU2NUQxQzlFNDcxRjE3MkNBNDc4REJDMzhBRkEwNTc0MDRBMDgzLmpwZw.jpg"
    ],
    "image_accessibility": "Dve Snickers čokoladi.",
    "detailed_images": [
      {
        "url": "https://imgproxy-retcat.assets.schwarz/n40ZszxVKwOfvr19ibufeVNcbSRA_3U1qiAe7vih1go/sm:1/w:427/h:320/cz/M6Ly9wcm9kLWNhd/GFsb2ctbWVkaWEvc2kvMS81QkNGMjVEQTg1QURCMzNFMTQxQzAwRDZ/FMzU2NUQxQzlFNDcxRjE3MkNBNDc4REJDMzhBRkEwNTc0MDRBMDgzLmpwZw.jpg",
        "accessibility": "Dve Snickers čokoladi."
      }
    ],
    "analytics_category": "Food",
    "more_details": "Dodatne podrobnosti o izdelku",
    "won_category_primary": "Svetovi potreb/Hrana in bližnja hrana/Prigrizki in slaščice",
    "won_category_primary_path": "0/17/1721",
    "canonical_path": "/p/snickers-snickers-cokolada/p10081042",
    "canonical_url": "/p/snickers-snickers-cokolada/p10081042",
    "awards": [],
    "seals": [],
    "ribbons": [],
    "highlighted_seals": 0,
    "lidl_plus": [],
    "regions": [],
    "ians": [
      "204044"
    ],
    "show_brand": true,
    "deal_of_day_active": false,
    "full_title_meta": "SNICKERS Snickers čokolada",
    "lists": [
      16
    ],
    "preview": false,
    "category_breadcrumbs": [
      {
        "id": "10068374",
        "name": "Hrana in pijača",
        "url": "/c/hrana-in-pijaca/s10068374",
        "hidden": false
      },
      {
        "id": "10071044",
        "name": "Prigrizki in sladkarije",
        "url": "/h/prigrizki-in-sladkarije/h10071044",
        "hidden": false
      }
    ],
    "campaigns": [
      {
        "id": "10025136",
        "name": "Novo v ponudbi",
        "url": "/c/novo-v-ponudbi/a10025136",
        "hidden": false
      }
    ],
    "world_of_needs_code": "1721",
    "world_of_needs_name": "Prigrizki in slaščice",
    "world_of_needs_parent": "17",
    "is_main_category": true,
    "super_categories": [
      {
        "code": "17",
        "name": "Hrana in bližnja hrana",
        "parent": "0"
      },
      {
        "code": "0",
        "name": "Svetovi potreb",
        "parent": ""
      }
    ],
    "position": 487,
    "tracking_payload": {
      "searchTrackingMasterId": "Product.10081042",
      "searchTrackingTitle": "Snickers+%C4%8Dokolada",
      "searchTrackingPageSize": 100,
      "searchTrackingPage": 5,
      "searchTrackingEvent": "click",
      "list": "search",
      "searchTrackingId": "Product.10081042",
      "searchTrackingOrigPos": 1,
      "searchTrackingPos": 487,
      "searchTrackingOrigPageSize": 100,
      "searchTrackingChannel": "SI",
      "category": "Food"
    }
  },
  {
    "code": "10081043",
    "name": "Torteloni",
    "url": "",
    "result_class": "product",
    "type": "product",
    "product_id": 10081043,
    "erp_number": "10081043",
    "item_id": 10081043,
    "full_title": "CHEF SELECT Torteloni",
    "title": "Torteloni",
    "category": "Food",
    "product_type": "RETAIL",
    "age_restriction": false,
    "is_used_product": false,
    "multipack": false,
    "online": false,
    "store": true,
    "quick_add_to_cart": false,
    "flash_sales": false,
    "having_videos": false,
    "having_threesixty": false,
    "price": 2.99,
    "old_price": 0.0,
    "currency_code": "EUR",
    "currency_symbol": "€",
    "has_star": true,
    "has_vat": false,
    "price_theme": "white_red",
    "variants_have_different_prices": false,
    "base_price_text": null,
    "base_price_prefix": null,
    "packaging_text": "2x500 g",
    "discount_deleted_price": null,
    "discount_text": null,
    "discount_percentage": null,
    "discount_has_star": null,
    "show_discount": null,
    "show_percentage": null,
    "from_recommended_price": null,
    "availability_indicator": 0,
    "online_available": false,
    "min_orderable_quantity": 1,
    "orderable_quantities": [],
    "badge_texts": [
      "V trgovini"
    ],
    "badge_types": [
      "IN_STORE"
    ],
    "main_image": "https://imgproxy-retcat.assets.schwarz/vzZKb1fZ30MCT6KVuhpfmo6hQ_TCKtFwBNmAFV_WBFU/sm:1/w:427/h:320/cz/M6Ly9wcm9kLWNhd/GFsb2ctbWVkaWEvaW50L0UzRkFERDA4ODEyQzhERTA4N0RCQTMwND/cyNDc5NjIzMUIxQzgzNUU1Q0REQkYxNDRDOEQ1QjUyNkU3ODM1RTQucG5n.png",
    "image_list": [
      "https://imgproxy-retcat.assets.schwarz/vzZKb1fZ30MCT6KVuhpfmo6hQ_TCKtFwBNmAFV_WBFU/sm:1/w:427/h:320/cz/M6Ly9wcm9kLWNhd/GFsb2ctbWVkaWEvaW50L0UzRkFERDA4ODEyQzhERTA4N0RCQTMwND/cyNDc5NjIzMUIxQzgzNUU1Q0REQkYxNDRDOEQ1QjUyNkU3ODM1RTQucG5n.png",
      "https://imgproxy-retcat.assets.schwarz/hCZDoA8FPJvL3Pk3u6vYJGYq7IIKt42tiW7fPdh3_08/sm:1/w:427/h:320/cz/M6Ly9wcm9kLWNhd/GFsb2ctbWVkaWEvaW50L0RGNDI4NTIyNTE1NTE5RkNCOTg0QTQ0Mj/VFODRBOTkzRjA4RjFDNDg2MUFDNjVDMkIyQzk1MEY5MEU1MkFENDUucG5n.png"
    ],
    "image_accessibility": "Chef Select Mesni Tortelloni, 500g embalaža.",
    "detailed_images": [
      {
        "url": "https://imgproxy-retcat.assets.schwarz/vzZKb1fZ30MCT6KVuhpfmo6hQ_TCKtFwBNmAFV_WBFU/sm:1/w:427/h:320/cz/M6Ly9wcm9kLWNhd/GFsb2ctbWVkaWEvaW50L0UzRkFERDA4ODEyQzhERTA4N0RCQTMwND/cyNDc5NjIzMUIxQzgzNUU1Q0REQkYxNDRDOEQ1QjUyNkU3ODM1RTQucG5n.png",
        "accessibility": "Chef Select Mesni Tortelloni, 500g embalaža."
      },
      {
        "url": "https://imgproxy-retcat.assets.schwarz/hCZDoA8FPJvL3Pk3u6vYJGYq7IIKt42tiW7fPdh3_08/sm:1/w:427/h:320/cz/M6Ly9wcm9kLWNhd/GFsb2ctbWVkaWEvaW50L0RGNDI4NTIyNTE1NTE5RkNCOTg0QTQ0Mj/VFODRBOTkzRjA4RjFDNDg2MUFDNjVDMkIyQzk1MEY5MEU1MkFENDUucG5n.png",
        "accessibility": "Chef Select Tortelloni s ricotto in špinačo (500g)."
      }
    ],
    "analytics_category": "Food",
    "more_details": "Dodatne podrobnosti o izdelku",
    "won_category_primary": "Svetovi potreb/Hrana in bližnja hrana/Pripravljene jedi (razen zamrznjene pice itd. in pekovskih izdelkov)",
    "won_category_primary_path": "0/17/1711",
    "canonical_path": "/p/chef-select-torteloni/p10081043",
    "canonical_url": "/p/chef-select-torteloni/p10081043",
    "awards": [],
    "seals": [
      {
        "altText": "Nalepka: Hlajeno",
        "image": "https://imgproxy-retcat.assets.schwarz/7x3Iby7aD19hFySDnP2YoXt7E1r0JrvJVj0QO1gUOes/sm:1/w:140/cz/M6Ly9wcm9kLWNhd/GFsb2ctbWVkaWEvc2kvMi8xMzFBN0E2RDlCREZGREQxOEE2OTFDNEZ/FNDE5RTM0QUMxQjY4OEQ0OUY2QTAxMTRDRjQ1RjdCNTNDRjM2NUJBLnBuZw.png"
      }
    ],
    "ribbons": [],
    "highlighted_seals": 0,
    "lidl_plus": [],
    "regions": [],
    "ians": [
      "6002446"
    ],
    "show_brand": true,
    "deal_of_day_active": false,
    "full_title_meta": "CHEF SELECT Torteloni",
    "lists": [
      16
    ],
    "preview": false,
    "category_breadcrumbs": [
      {
        "id": "10068374",
        "name": "Hrana in pijača",
        "url": "/c/hrana-in-pijaca/s10068374",
        "hidden": false
      },
      {
        "id": "10071020",
        "name": "Gotove jed",
        "url": "/h/gotove-jed/h10071020",
        "hidden": false
      }
    ],
    "campaigns": [
      {
        "id": "10025136",
        "name": "Novo v ponudbi",
        "url": "/c/novo-v-ponudbi/a10025136",
        "hidden": false
      }
    ],
    "world_of_needs_code": "1711",
    "world_of_needs_name": "Pripravljene jedi (razen zamrznjene pice itd. in pekovskih izdelkov)",
    "world_of_needs_parent": "17",
    "is_main_category": true,
    "super_categories": [
      {
        "code": "17",
        "name": "Hrana in bližnja hrana",
        "parent": "0"
      },
      {
        "code": "0",
        "name": "Svetovi potreb",
        "parent": ""
      }
    ],
    "position": 488,
    "tracking_payload": {
      "searchTrackingMasterId": "Product.10081043",
      "searchTrackingTitle": "Torteloni",
      "searchTrackingPageSize": 100,
      "searchTrackingPage": 5,
      "searchTrackingEvent": "click",
      "list": "search",
      "searchTrackingId": "Product.10081043",
      "searchTrackingOrigPos": 1,
      "searchTrackingPos": 488,
      "searchTrackingOrigPageSize": 100,
      "searchTrackingChannel": "SI",
      "category": "Food"
    }
  },
  {
    "code": "10081044",
    "name": "Goveji narezek Bresaola",
    "url": "",
    "result_class": "product",
    "type": "product",
    "product_id": 10081044,
    "erp_number": "10081044",
    "item_id": 10081044,
    "full_title": "DELUXE Goveji narezek Bresaola",
    "title": "Goveji narezek Bresaola",
    "category": "Food",
    "product_type": "RETAIL",
    "age_restriction": false,
    "is_used_product": false,
    "multipack": false,
    "online": false,
    "store": true,
    "quick_add_to_cart": false,
    "flash_sales": false,
    "having_videos": false,
    "having_threesixty": false,
    "price": 3.49,
    "old_price": 0.0,
    "currency_code": "EUR",
    "currency_symbol": "€",
    "has_star": true,
    "has_vat": false,
    "price_theme": "white_red",
    "variants_have_different_prices": false,
    "base_price_text": "1 kg = 43.63",
    "base_price_prefix": false,
    "packaging_text": "80 g",
    "discount_deleted_price": null,
    "discount_text": null,
    "discount_percentage": null,
    "discount_has_star": null,
    "show_discount": null,
    "show_percentage": null,
    "from_recommended_price": null,
    "availability_indicator": 0,
    "online_available": false,
    "min_orderable_quantity": 1,
    "orderable_quantities": [],
    "badge_texts": [
      "V trgovini"
    ],
    "badge_types": [
      "IN_STORE"
    ],
    "main_image": "https://imgproxy-retcat.assets.schwarz/NaSQqlCJ7EKC70tTm0r2gmf674_1_4Z5TJen1SU2g24/sm:1/w:427/h:320/cz/M6Ly9wcm9kLWNhd/GFsb2ctbWVkaWEvaW50LzI3ODkxMkQ5NjJDMzc1RDEyOEY4MkE3QT/hEMjJCRThDRTI2QkUwODk4NEY5ODgzNEJGOUJBQTk1MUMxQUMzQTEucG5n.png",
    "image_list": [
      "https://imgproxy-retcat.assets.schwarz/NaSQqlCJ7EKC70tTm0r2gmf674_1_4Z5TJen1SU2g24/sm:1/w:427/h:320/cz/M6Ly9wcm9kLWNhd/GFsb2ctbWVkaWEvaW50LzI3ODkxMkQ5NjJDMzc1RDEyOEY4MkE3QT/hEMjJCRThDRTI2QkUwODk4NEY5ODgzNEJGOUJBQTk1MUMxQUMzQTEucG5n.png"
    ],
    "image_accessibility": "Bresaola della Valtellina PGI, sušeni goveji rezini Deluxe.",
    "detailed_images": [
      {
        "url": "https://imgproxy-retcat.assets.schwarz/NaSQqlCJ7EKC70tTm0r2gmf674_1_4Z5TJen1SU2g24/sm:1/w:427/h:320/cz/M6Ly9wcm9kLWNhd/GFsb2ctbWVkaWEvaW50LzI3ODkxMkQ5NjJDMzc1RDEyOEY4MkE3QT/hEMjJCRThDRTI2QkUwODk4NEY5ODgzNEJGOUJBQTk1MUMxQUMzQTEucG5n.png",
        "accessibility": "Bresaola della Valtellina PGI, sušeni goveji rezini Deluxe."
      }
    ],
    "analytics_category": "Food",
    "more_details": "Dodatne podrobnosti o izdelku",
    "won_category_primary": "Svetovi potreb/Hrana in bližnja hrana/Klobase in meso",
    "won_category_primary_path": "0/17/1717",
    "canonical_path": "/p/deluxe-goveji-narezek-bresaola/p10081044",
    "canonical_url": "/p/deluxe-goveji-narezek-bresaola/p10081044",
    "awards": [],
    "seals": [
      {
        "altText": "Nalepka: Hlajeno",
        "image": "https://imgproxy-retcat.assets.schwarz/7x3Iby7aD19hFySDnP2YoXt7E1r0JrvJVj0QO1gUOes/sm:1/w:140/cz/M6Ly9wcm9kLWNhd/GFsb2ctbWVkaWEvc2kvMi8xMzFBN0E2RDlCREZGREQxOEE2OTFDNEZ/FNDE5RTM0QUMxQjY4OEQ0OUY2QTAxMTRDRjQ1RjdCNTNDRjM2NUJBLnBuZw.png"
      }
    ],
    "ribbons": [],
    "highlighted_seals": 0,
    "lidl_plus": [],
    "regions": [],
    "ians": [
      "6002492"
    ],
    "show_brand": true,
    "deal_of_day_active": false,
    "full_title_meta": "DELUXE Goveji narezek Bresaola",
    "lists": [
      16
    ],
    "preview": false,
    "category_breadcrumbs": [
      {
        "id": "10068374",
        "name": "Hrana in pijača",
        "url": "/c/hrana-in-pijaca/s10068374",
        "hidden": false
      },
      {
        "id": "10071016",
        "name": "Meso in mesni izdelki",
        "url": "/h/meso-in-mesni-izdelki/h10071016",
        "hidden": false
      }
    ],
    "campaigns": [
      {
        "id": "10025136",
        "name": "Novo v ponudbi",
        "url": "/c/novo-v-ponudbi/a10025136",
        "hidden": false
      }
    ],
    "world_of_needs_code": "1717",
    "world_of_needs_name": "Klobase in meso",
    "world_of_needs_parent": "17",
    "is_main_category": true,
    "super_categories": [
      {
        "code": "17",
        "name": "Hrana in bližnja hrana",
        "parent": "0"
      },
      {
        "code": "0",
        "name": "Svetovi potreb",
        "parent": ""
      }
    ],
    "position": 489,
    "tracking_payload": {
      "searchTrackingMasterId": "Product.10081044",
      "searchTrackingTitle": "Goveji+narezek+Bresaola",
      "searchTrackingPageSize": 100,
      "searchTrackingPage": 5,
      "searchTrackingEvent": "click",
      "list": "search",
      "searchTrackingId": "Product.10081044",
      "searchTrackingOrigPos": 1,
      "searchTrackingPos": 489,
      "searchTrackingOrigPageSize": 100,
      "searchTrackingChannel": "SI",
      "category": "Food"
    }
  },
  {
    "code": "10081045",
    "name": "Goveji Carpaccio",
    "url": "",
    "result_class": "product",
    "type": "product",
    "product_id": 10081045,
    "erp_number": "10081045",
    "item_id": 10081045,
    "full_title": "DELUXE Goveji Carpaccio",
    "title": "Goveji Carpaccio",
    "category": "Food",
    "product_type": "RETAIL",
    "age_restriction": false,
    "is_used_product": false,
    "multipack": false,
    "online": false,
    "store": true,
    "quick_add_to_cart": false,
    "flash_sales": false,
    "having_videos": false,
    "having_threesixty": false,
    "price": 4.49,
    "old_price": 0.0,
    "currency_code": "EUR",
    "currency_symbol": "€",
    "has_star": true,
    "has_vat": false,
    "price_theme": "white_red",
    "variants_have_different_prices": false,
    "base_price_text": "1 kg = 37.42",
    "base_price_prefix": false,
    "packaging_text": "120 g",
    "discount_deleted_price": null,
    "discount_text": null,
    "discount_percentage": null,
    "discount_has_star": null,
    "show_discount": null,
    "show_percentage": null,
    "from_recommended_price": null,
    "availability_indicator": 0,
    "online_available": false,
    "min_orderable_quantity": 1,
    "orderable_quantities": [],
    "badge_texts": [
      "V trgovini"
    ],
    "badge_types": [
      "IN_STORE"
    ],
    "main_image": "https://imgproxy-retcat.assets.schwarz/1hXu5PjgQ3QpnlmYCPdi8TK3Pcx2H82nXkzAr090TOw/sm:1/w:427/h:320/cz/M6Ly9wcm9kLWNhd/GFsb2ctbWVkaWEvaW50LzIxNjIzRjA5M0ZBRkY5NzUzNkIwM0IxME/I5QjE4MjBCQjBBNjQwMzA3NTRBQTI0MDRGQjc2MDkwQjY2QjZDRUQucG5n.png",
    "image_list": [
      "https://imgproxy-retcat.assets.schwarz/1hXu5PjgQ3QpnlmYCPdi8TK3Pcx2H82nXkzAr090TOw/sm:1/w:427/h:320/cz/M6Ly9wcm9kLWNhd/GFsb2ctbWVkaWEvaW50LzIxNjIzRjA5M0ZBRkY5NzUzNkIwM0IxME/I5QjE4MjBCQjBBNjQwMzA3NTRBQTI0MDRGQjc2MDkwQjY2QjZDRUQucG5n.png"
    ],
    "image_accessibility": "Carpaccio s parmezanom Reggiano in ekstra deviškim olivnim oljem.",
    "detailed_images": [
      {
        "url": "https://imgproxy-retcat.assets.schwarz/1hXu5PjgQ3QpnlmYCPdi8TK3Pcx2H82nXkzAr090TOw/sm:1/w:427/h:320/cz/M6Ly9wcm9kLWNhd/GFsb2ctbWVkaWEvaW50LzIxNjIzRjA5M0ZBRkY5NzUzNkIwM0IxME/I5QjE4MjBCQjBBNjQwMzA3NTRBQTI0MDRGQjc2MDkwQjY2QjZDRUQucG5n.png",
        "accessibility": "Carpaccio s parmezanom Reggiano in ekstra deviškim olivnim oljem."
      }
    ],
    "analytics_category": "Food",
    "more_details": "Dodatne podrobnosti o izdelku",
    "won_category_primary": "Svetovi potreb/Hrana in bližnja hrana/Klobase in meso",
    "won_category_primary_path": "0/17/1717",
    "canonical_path": "/p/deluxe-goveji-carpaccio/p10081045",
    "canonical_url": "/p/deluxe-goveji-carpaccio/p10081045",
    "awards": [],
    "seals": [
      {
        "altText": "Nalepka: Hlajeno",
        "image": "https://imgproxy-retcat.assets.schwarz/7x3Iby7aD19hFySDnP2YoXt7E1r0JrvJVj0QO1gUOes/sm:1/w:140/cz/M6Ly9wcm9kLWNhd/GFsb2ctbWVkaWEvc2kvMi8xMzFBN0E2RDlCREZGREQxOEE2OTFDNEZ/FNDE5RTM0QUMxQjY4OEQ0OUY2QTAxMTRDRjQ1RjdCNTNDRjM2NUJBLnBuZw.png"
      }
    ],
    "ribbons": [],
    "highlighted_seals": 0,
    "lidl_plus": [],
    "regions": [],
    "ians": [
      "6514078"
    ],
    "show_brand": true,
    "deal_of_day_active": false,
    "full_title_meta": "DELUXE Goveji Carpaccio",
    "lists": [
      16
    ],
    "preview": false,
    "category_breadcrumbs": [
      {
        "id": "10068374",
        "name": "Hrana in pijača",
        "url": "/c/hrana-in-pijaca/s10068374",
        "hidden": false
      },
      {
        "id": "10071016",
        "name": "Meso in mesni izdelki",
        "url": "/h/meso-in-mesni-izdelki/h10071016",
        "hidden": false
      }
    ],
    "campaigns": [
      {
        "id": "10025136",
        "name": "Novo v ponudbi",
        "url": "/c/novo-v-ponudbi/a10025136",
        "hidden": false
      }
    ],
    "world_of_needs_code": "1717",
    "world_of_needs_name": "Klobase in meso",
    "world_of_needs_parent": "17",
    "is_main_category": true,
    "super_categories": [
      {
        "code": "17",
        "name": "Hrana in bližnja hrana",
        "parent": "0"
      },
      {
        "code": "0",
        "name": "Svetovi potreb",
        "parent": ""
      }
    ],
    "position": 490,
    "tracking_payload": {
      "searchTrackingMasterId": "Product.10081045",
      "searchTrackingTitle": "Goveji+Carpaccio",
      "searchTrackingPageSize": 100,
      "searchTrackingPage": 5,
      "searchTrackingEvent": "click",
      "list": "search",
      "searchTrackingId": "Product.10081045",
      "searchTrackingOrigPos": 1,
      "searchTrackingPos": 490,
      "searchTrackingOrigPageSize": 100,
      "searchTrackingChannel": "SI",
      "category": "Food"
    }
  },
  {
    "code": "10081046",
    "name": "Mehki beli sir v slanici",
    "url": "",
    "result_class": "product",
    "type": "product",
    "product_id": 10081046,
    "erp_number": "10081046",
    "item_id": 10081046,
    "full_title": "SAGA Mehki beli sir v slanici",
    "title": "Mehki beli sir v slanici",
    "category": "Food",
    "product_type": "RETAIL",
    "age_restriction": false,
    "is_used_product": false,
    "multipack": false,
    "online": false,
    "store": true,
    "quick_add_to_cart": false,
    "flash_sales": false,
    "having_videos": false,
    "having_threesixty": false,
    "price": 2.39,
    "old_price": 0.0,
    "currency_code": "EUR",
    "currency_symbol": "€",
    "has_star": true,
    "has_vat": false,
    "price_theme": "white_red",
    "variants_have_different_prices": false,
    "base_price_text": "1 kg = 5.31",
    "base_price_prefix": false,
    "packaging_text": "450 g",
    "discount_deleted_price": null,
    "discount_text": null,
    "discount_percentage": null,
    "discount_has_star": null,
    "show_discount": null,
    "show_percentage": null,
    "from_recommended_price": null,
    "availability_indicator": 0,
    "online_available": false,
    "min_orderable_quantity": 1,
    "orderable_quantities": [],
    "badge_texts": [
      "V trgovini"
    ],
    "badge_types": [
      "IN_STORE"
    ],
    "main_image": "https://imgproxy-retcat.assets.schwarz/qoD1jGeHhpjtGD9imwDMjuCF0uF_GaB_6dG-0s7FUEE/sm:1/w:427/h:320/cz/M6Ly9wcm9kLWNhd/GFsb2ctbWVkaWEvaW50LzMwMTM5NTBBMzBDMzUzRjVDRjVDNjZBNE/Y0RDE2NkY5N0FFNjVEQUFDQjUwNjRFQUFFOEYwQTYyMDU5MkVFOUEucG5n.png",
    "image_list": [
      "https://imgproxy-retcat.assets.schwarz/qoD1jGeHhpjtGD9imwDMjuCF0uF_GaB_6dG-0s7FUEE/sm:1/w:427/h:320/cz/M6Ly9wcm9kLWNhd/GFsb2ctbWVkaWEvaW50LzMwMTM5NTBBMzBDMzUzRjVDRjVDNjZBNE/Y0RDE2NkY5N0FFNjVEQUFDQjUwNjRFQUFFOEYwQTYyMDU5MkVFOUEucG5n.png"
    ],
    "image_accessibility": "Saga Alpski Beli Sir: beli sir v plastični posodi.",
    "detailed_images": [
      {
        "url": "https://imgproxy-retcat.assets.schwarz/qoD1jGeHhpjtGD9imwDMjuCF0uF_GaB_6dG-0s7FUEE/sm:1/w:427/h:320/cz/M6Ly9wcm9kLWNhd/GFsb2ctbWVkaWEvaW50LzMwMTM5NTBBMzBDMzUzRjVDRjVDNjZBNE/Y0RDE2NkY5N0FFNjVEQUFDQjUwNjRFQUFFOEYwQTYyMDU5MkVFOUEucG5n.png",
        "accessibility": "Saga Alpski Beli Sir: beli sir v plastični posodi."
      }
    ],
    "analytics_category": "Food",
    "more_details": "Dodatne podrobnosti o izdelku",
    "won_category_primary": "Svetovi potreb/Hrana in bližnja hrana/Sir in mlečni izdelki (vključno z maslom in sirom)",
    "won_category_primary_path": "0/17/1718",
    "canonical_path": "/p/saga-mehki-beli-sir-v-slanici/p10081046",
    "canonical_url": "/p/saga-mehki-beli-sir-v-slanici/p10081046",
    "awards": [],
    "seals": [
      {
        "altText": "Nalepka: Hlajeno",
        "image": "https://imgproxy-retcat.assets.schwarz/7x3Iby7aD19hFySDnP2YoXt7E1r0JrvJVj0QO1gUOes/sm:1/w:140/cz/M6Ly9wcm9kLWNhd/GFsb2ctbWVkaWEvc2kvMi8xMzFBN0E2RDlCREZGREQxOEE2OTFDNEZ/FNDE5RTM0QUMxQjY4OEQ0OUY2QTAxMTRDRjQ1RjdCNTNDRjM2NUJBLnBuZw.png"
      }
    ],
    "ribbons": [],
    "highlighted_seals": 0,
    "lidl_plus": [],
    "regions": [],
    "ians": [
      "7301219"
    ],
    "show_brand": true,
    "deal_of_day_active": false,
    "full_title_meta": "SAGA Mehki beli sir v slanici",
    "lists": [
      16
    ],
    "preview": false,
    "category_breadcrumbs": [
      {
        "id": "10068374",
        "name": "Hrana in pijača",
        "url": "/c/hrana-in-pijaca/s10068374",
        "hidden": false
      },
      {
        "id": "10071017",
        "name": " Sir &  Mlečni izdelki",
        "url": "/h/sir-mlecni-izdelki/h10071017",
        "hidden": false
      }
    ],
    "campaigns": [
      {
        "id": "10025136",
        "name": "Novo v ponudbi",
        "url": "/c/novo-v-ponudbi/a10025136",
        "hidden": false
      }
    ],
    "world_of_needs_code": "1718",
    "world_of_needs_name": "Sir in mlečni izdelki (vključno z maslom in sirom)",
    "world_of_needs_parent": "17",
    "is_main_category": true,
    "super_categories": [
      {
        "code": "17",
        "name": "Hrana in bližnja hrana",
        "parent": "0"
      },
      {
        "code": "0",
        "name": "Svetovi potreb",
        "parent": ""
      }
    ],
    "position": 491,
    "tracking_payload": {
      "searchTrackingMasterId": "Product.10081046",
      "searchTrackingTitle": "Mehki+beli+sir+v+slanici",
      "searchTrackingPageSize": 100,
      "searchTrackingPage": 5,
      "searchTrackingEvent": "click",
      "list": "search",
      "searchTrackingId": "Product.10081046",
      "searchTrackingOrigPos": 1,
      "searchTrackingPos": 491,
      "searchTrackingOrigPageSize": 100,
      "searchTrackingChannel": "SI",
      "category": "Food"
    }
  },
  {
    "code": "10081047",
    "name": "Savinjski mladi kajmak",
    "url": "",
    "result_class": "product",
    "type": "product",
    "product_id": 10081047,
    "erp_number": "10081047",
    "item_id": 10081047,
    "full_title": "SAGA Savinjski mladi kajmak",
    "title": "Savinjski mladi kajmak",
    "category": "Food",
    "product_type": "RETAIL",
    "age_restriction": false,
    "is_used_product": false,
    "multipack": false,
    "online": false,
    "store": true,
    "quick_add_to_cart": false,
    "flash_sales": false,
    "having_videos": false,
    "having_threesixty": false,
    "price": 2.09,
    "old_price": 0.0,
    "currency_code": "EUR",
    "currency_symbol": "€",
    "has_star": true,
    "has_vat": false,
    "price_theme": "white_red",
    "variants_have_different_prices": false,
    "base_price_text": "1 kg = 8.36",
    "base_price_prefix": false,
    "packaging_text": "250 g",
    "discount_deleted_price": null,
    "discount_text": null,
    "discount_percentage": null,
    "discount_has_star": null,
    "show_discount": null,
    "show_percentage": null,
    "from_recommended_price": null,
    "availability_indicator": 0,
    "online_available": false,
    "min_orderable_quantity": 1,
    "orderable_quantities": [],
    "badge_texts": [
      "V trgovini"
    ],
    "badge_types": [
      "IN_STORE"
    ],
    "main_image": "https://imgproxy-retcat.assets.schwarz/r71UeMsOR0846ucngDeD_8swPdRLOO_oKFHsPzCJn4I/sm:1/w:427/h:320/cz/M6Ly9wcm9kLWNhd/GFsb2ctbWVkaWEvaW50LzczRTI3QTc4NTE3RDZCRUVBQzA0MzQzRD/EwQ0NGMzhBQjYwQTJBMkYwOTVENUJBOEEzNUIzQzlBQ0YyOEMyREEucG5n.png",
    "image_list": [
      "https://imgproxy-retcat.assets.schwarz/r71UeMsOR0846ucngDeD_8swPdRLOO_oKFHsPzCJn4I/sm:1/w:427/h:320/cz/M6Ly9wcm9kLWNhd/GFsb2ctbWVkaWEvaW50LzczRTI3QTc4NTE3RDZCRUVBQzA0MzQzRD/EwQ0NGMzhBQjYwQTJBMkYwOTVENUJBOEEzNUIzQzlBQ0YyOEMyREEucG5n.png"
    ],
    "image_accessibility": "Savinjski mladi kajmak v plastični posodi.",
    "detailed_images": [
      {
        "url": "https://imgproxy-retcat.assets.schwarz/r71UeMsOR0846ucngDeD_8swPdRLOO_oKFHsPzCJn4I/sm:1/w:427/h:320/cz/M6Ly9wcm9kLWNhd/GFsb2ctbWVkaWEvaW50LzczRTI3QTc4NTE3RDZCRUVBQzA0MzQzRD/EwQ0NGMzhBQjYwQTJBMkYwOTVENUJBOEEzNUIzQzlBQ0YyOEMyREEucG5n.png",
        "accessibility": "Savinjski mladi kajmak v plastični posodi."
      }
    ],
    "analytics_category": "Food",
    "more_details": "Dodatne podrobnosti o izdelku",
    "won_category_primary": "Svetovi potreb/Hrana in bližnja hrana/Sir in mlečni izdelki (vključno z maslom in sirom)",
    "won_category_primary_path": "0/17/1718",
    "canonical_path": "/p/saga-savinjski-mladi-kajmak/p10081047",
    "canonical_url": "/p/saga-savinjski-mladi-kajmak/p10081047",
    "awards": [],
    "seals": [
      {
        "altText": "Nalepka: Hlajeno",
        "image": "https://imgproxy-retcat.assets.schwarz/7x3Iby7aD19hFySDnP2YoXt7E1r0JrvJVj0QO1gUOes/sm:1/w:140/cz/M6Ly9wcm9kLWNhd/GFsb2ctbWVkaWEvc2kvMi8xMzFBN0E2RDlCREZGREQxOEE2OTFDNEZ/FNDE5RTM0QUMxQjY4OEQ0OUY2QTAxMTRDRjQ1RjdCNTNDRjM2NUJBLnBuZw.png"
      }
    ],
    "ribbons": [],
    "highlighted_seals": 0,
    "lidl_plus": [],
    "regions": [],
    "ians": [
      "7302554"
    ],
    "show_brand": true,
    "deal_of_day_active": false,
    "full_title_meta": "SAGA Savinjski mladi kajmak",
    "lists": [
      16
    ],
    "preview": false,
    "category_breadcrumbs": [
      {
        "id": "10068374",
        "name": "Hrana in pijača",
        "url": "/c/hrana-in-pijaca/s10068374",
        "hidden": false
      },
      {
        "id": "10071017",
        "name": " Sir &  Mlečni izdelki",
        "url": "/h/sir-mlecni-izdelki/h10071017",
        "hidden": false
      }
    ],
    "campaigns": [
      {
        "id": "10025136",
        "name": "Novo v ponudbi",
        "url": "/c/novo-v-ponudbi/a10025136",
        "hidden": false
      }
    ],
    "world_of_needs_code": "1718",
    "world_of_needs_name": "Sir in mlečni izdelki (vključno z maslom in sirom)",
    "world_of_needs_parent": "17",
    "is_main_category": true,
    "super_categories": [
      {
        "code": "17",
        "name": "Hrana in bližnja hrana",
        "parent": "0"
      },
      {
        "code": "0",
        "name": "Svetovi potreb",
        "parent": ""
      }
    ],
    "position": 492,
    "tracking_payload": {
      "searchTrackingMasterId": "Product.10081047",
      "searchTrackingTitle": "Savinjski+mladi+kajmak",
      "searchTrackingPageSize": 100,
      "searchTrackingPage": 5,
      "searchTrackingEvent": "click",
      "list": "search",
      "searchTrackingId": "Product.10081047",
      "searchTrackingOrigPos": 1,
      "searchTrackingPos": 492,
      "searchTrackingOrigPageSize": 100,
      "searchTrackingChannel": "SI",
      "category": "Food"
    }
  },
  {
    "code": "10081048",
    "name": "Maslo z morsko soljo",
    "url": "",
    "result_class": "product",
    "type": "product",
    "product_id": 10081048,
    "erp_number": "10081048",
    "item_id": 10081048,
    "full_title": "DELUXE Maslo z morsko soljo",
    "title": "Maslo z morsko soljo",
    "category": "Food",
    "product_type": "RETAIL",
    "age_restriction": false,
    "is_used_product": false,
    "multipack": false,
    "online": false,
    "store": true,
    "quick_add_to_cart": false,
    "flash_sales": false,
    "having_videos": false,
    "having_threesixty": false,
    "price": 2.99,
    "old_price": 0.0,
    "currency_code": "EUR",
    "currency_symbol": "€",
    "has_star": true,
    "has_vat": false,
    "price_theme": "white_red",
    "variants_have_different_prices": false,
    "base_price_text": "1 kg = 11.96",
    "base_price_prefix": false,
    "packaging_text": "250 g",
    "discount_deleted_price": null,
    "discount_text": null,
    "discount_percentage": null,
    "discount_has_star": null,
    "show_discount": null,
    "show_percentage": null,
    "from_recommended_price": null,
    "availability_indicator": 0,
    "online_available": false,
    "min_orderable_quantity": 1,
    "orderable_quantities": [],
    "badge_texts": [
      "V trgovini"
    ],
    "badge_types": [
      "IN_STORE"
    ],
    "main_image": "https://imgproxy-retcat.assets.schwarz/yS11xWy7WtQ5pF8nAtfiVKfSYzL94el-6SuXagaj0Sg/sm:1/w:427/h:320/cz/M6Ly9wcm9kLWNhd/GFsb2ctbWVkaWEvaW50LzExQkY2MUZFN0M2MjAyODk1RDAzODBGQz/ZGODg2MDJCMEEwMUM5MDgzMjg5MkZGQ0Q2MDJCMEMzMUI5RjhEQUUucG5n.png",
    "image_list": [
      "https://imgproxy-retcat.assets.schwarz/yS11xWy7WtQ5pF8nAtfiVKfSYzL94el-6SuXagaj0Sg/sm:1/w:427/h:320/cz/M6Ly9wcm9kLWNhd/GFsb2ctbWVkaWEvaW50LzExQkY2MUZFN0M2MjAyODk1RDAzODBGQz/ZGODg2MDJCMEEwMUM5MDgzMjg5MkZGQ0Q2MDJCMEMzMUI5RjhEQUUucG5n.png"
    ],
    "image_accessibility": "Deluxe maslo z morsko soljo, 250g.",
    "detailed_images": [
      {
        "url": "https://imgproxy-retcat.assets.schwarz/yS11xWy7WtQ5pF8nAtfiVKfSYzL94el-6SuXagaj0Sg/sm:1/w:427/h:320/cz/M6Ly9wcm9kLWNhd/GFsb2ctbWVkaWEvaW50LzExQkY2MUZFN0M2MjAyODk1RDAzODBGQz/ZGODg2MDJCMEEwMUM5MDgzMjg5MkZGQ0Q2MDJCMEMzMUI5RjhEQUUucG5n.png",
        "accessibility": "Deluxe maslo z morsko soljo, 250g."
      }
    ],
    "analytics_category": "Food",
    "more_details": "Dodatne podrobnosti o izdelku",
    "won_category_primary": "Svetovi potreb/Hrana in bližnja hrana/Sir in mlečni izdelki (vključno z maslom in sirom)",
    "won_category_primary_path": "0/17/1718",
    "canonical_path": "/p/deluxe-maslo-z-morsko-soljo/p10081048",
    "canonical_url": "/p/deluxe-maslo-z-morsko-soljo/p10081048",
    "awards": [],
    "seals": [
      {
        "altText": "Nalepka: Hlajeno",
        "image": "https://imgproxy-retcat.assets.schwarz/7x3Iby7aD19hFySDnP2YoXt7E1r0JrvJVj0QO1gUOes/sm:1/w:140/cz/M6Ly9wcm9kLWNhd/GFsb2ctbWVkaWEvc2kvMi8xMzFBN0E2RDlCREZGREQxOEE2OTFDNEZ/FNDE5RTM0QUMxQjY4OEQ0OUY2QTAxMTRDRjQ1RjdCNTNDRjM2NUJBLnBuZw.png"
      }
    ],
    "ribbons": [],
    "highlighted_seals": 0,
    "lidl_plus": [],
    "regions": [],
    "ians": [
      "7400119"
    ],
    "show_brand": true,
    "deal_of_day_active": false,
    "full_title_meta": "DELUXE Maslo z morsko soljo",
    "lists": [
      16
    ],
    "preview": false,
    "category_breadcrumbs": [
      {
        "id": "10068374",
        "name": "Hrana in pijača",
        "url": "/c/hrana-in-pijaca/s10068374",
        "hidden": false
      },
      {
        "id": "10071017",
        "name": " Sir &  Mlečni izdelki",
        "url": "/h/sir-mlecni-izdelki/h10071017",
        "hidden": false
      }
    ],
    "campaigns": [
      {
        "id": "10025136",
        "name": "Novo v ponudbi",
        "url": "/c/novo-v-ponudbi/a10025136",
        "hidden": false
      }
    ],
    "world_of_needs_code": "1718",
    "world_of_needs_name": "Sir in mlečni izdelki (vključno z maslom in sirom)",
    "world_of_needs_parent": "17",
    "is_main_category": true,
    "super_categories": [
      {
        "code": "17",
        "name": "Hrana in bližnja hrana",
        "parent": "0"
      },
      {
        "code": "0",
        "name": "Svetovi potreb",
        "parent": ""
      }
    ],
    "position": 493,
    "tracking_payload": {
      "searchTrackingMasterId": "Product.10081048",
      "searchTrackingTitle": "Maslo+z+morsko+soljo",
      "searchTrackingPageSize": 100,
      "searchTrackingPage": 5,
      "searchTrackingEvent": "click",
      "list": "search",
      "searchTrackingId": "Product.10081048",
      "searchTrackingOrigPos": 1,
      "searchTrackingPos": 493,
      "searchTrackingOrigPageSize": 100,
      "searchTrackingChannel": "SI",
      "category": "Food"
    }
  },
  {
    "code": "10081049",
    "name": "Piščančje pleskavice",
    "url": "",
    "result_class": "product",
    "type": "product",
    "product_id": 10081049,
    "erp_number": "10081049",
    "item_id": 10081049,
    "full_title": "ŽAR LEGENDE Piščančje pleskavice",
    "title": "Piščančje pleskavice",
    "category": "Food",
    "product_type": "RETAIL",
    "age_restriction": false,
    "is_used_product": false,
    "multipack": false,
    "online": false,
    "store": true,
    "quick_add_to_cart": false,
    "flash_sales": false,
    "having_videos": false,
    "having_threesixty": false,
    "price": 3.49,
    "old_price": 0.0,
    "currency_code": "EUR",
    "currency_symbol": "€",
    "has_star": true,
    "has_vat": false,
    "price_theme": "white_red",
    "variants_have_different_prices": false,
    "base_price_text": "1 kg = 8.73",
    "base_price_prefix": false,
    "packaging_text": "400 g",
    "discount_deleted_price": null,
    "discount_text": null,
    "discount_percentage": null,
    "discount_has_star": null,
    "show_discount": null,
    "show_percentage": null,
    "from_recommended_price": null,
    "availability_indicator": 0,
    "online_available": false,
    "min_orderable_quantity": 1,
    "orderable_quantities": [],
    "badge_texts": [
      "V trgovini"
    ],
    "badge_types": [
      "IN_STORE"
    ],
    "main_image": "https://imgproxy-retcat.assets.schwarz/MerYAqqEdw8IxSApKGHyHiAe_yb_2oPs5jPSDfiO4uw/sm:1/w:427/h:320/cz/M6Ly9wcm9kLWNhd/GFsb2ctbWVkaWEvc2kvMS8wNkZFQzAxMzE0RjQ4OTlGNDgxMDg1MzY/3QzI5NzYxMDY3QUY2REEyQTlDQkM3MjVFQzk2NkI1RjM4QzFEOTkxLmpwZw.jpg",
    "image_list": [
      "https://imgproxy-retcat.assets.schwarz/MerYAqqEdw8IxSApKGHyHiAe_yb_2oPs5jPSDfiO4uw/sm:1/w:427/h:320/cz/M6Ly9wcm9kLWNhd/GFsb2ctbWVkaWEvc2kvMS8wNkZFQzAxMzE0RjQ4OTlGNDgxMDg1MzY/3QzI5NzYxMDY3QUY2REEyQTlDQkM3MjVFQzk2NkI1RjM4QzFEOTkxLmpwZw.jpg"
    ],
    "image_accessibility": "Žar Legende piščančje pljeskavice na žaru.",
    "detailed_images": [
      {
        "url": "https://imgproxy-retcat.assets.schwarz/MerYAqqEdw8IxSApKGHyHiAe_yb_2oPs5jPSDfiO4uw/sm:1/w:427/h:320/cz/M6Ly9wcm9kLWNhd/GFsb2ctbWVkaWEvc2kvMS8wNkZFQzAxMzE0RjQ4OTlGNDgxMDg1MzY/3QzI5NzYxMDY3QUY2REEyQTlDQkM3MjVFQzk2NkI1RjM4QzFEOTkxLmpwZw.jpg",
        "accessibility": "Žar Legende piščančje pljeskavice na žaru."
      }
    ],
    "analytics_category": "Food",
    "more_details": "Dodatne podrobnosti o izdelku",
    "won_category_primary": "Svetovi potreb/Hrana in bližnja hrana/Kruh in pekovsko pecivo",
    "won_category_primary_path": "0/17/1713",
    "canonical_path": "/p/zar-legende-piscancje-pleskavice/p10081049",
    "canonical_url": "/p/zar-legende-piscancje-pleskavice/p10081049",
    "awards": [],
    "seals": [
      {
        "altText": "Nalepka: IZBRANA KAKOVOST, dva diamanti",
        "image": "https://imgproxy-retcat.assets.schwarz/wtd5_GfhfuyCgNwAfOv49gnGT4Rn6TY8NjywUVGixAk/sm:1/w:140/cz/M6Ly9wcm9kLWNhd/GFsb2ctbWVkaWEvc2kvMi9ERjg3RTE1MjgwMUFGRjI2RTRDNEZCMTc/zMkQ1NjRFODNBNzZEN0IxNUQ5MDY2Q0U4RDAxMEY5MTUzMzkyQjRCLnBuZw.png"
      },
      {
        "altText": "Nalepka: Hlajeno",
        "image": "https://imgproxy-retcat.assets.schwarz/7x3Iby7aD19hFySDnP2YoXt7E1r0JrvJVj0QO1gUOes/sm:1/w:140/cz/M6Ly9wcm9kLWNhd/GFsb2ctbWVkaWEvc2kvMi8xMzFBN0E2RDlCREZGREQxOEE2OTFDNEZ/FNDE5RTM0QUMxQjY4OEQ0OUY2QTAxMTRDRjQ1RjdCNTNDRjM2NUJBLnBuZw.png"
      }
    ],
    "ribbons": [],
    "highlighted_seals": 0,
    "lidl_plus": [],
    "regions": [],
    "ians": [
      "7307936"
    ],
    "show_brand": true,
    "deal_of_day_active": false,
    "full_title_meta": "ŽAR LEGENDE Piščančje pleskavice",
    "lists": [
      16
    ],
    "preview": false,
    "category_breadcrumbs": [
      {
        "id": "10068374",
        "name": "Hrana in pijača",
        "url": "/c/hrana-in-pijaca/s10068374",
        "hidden": false
      },
      {
        "id": "10071015",
        "name": "Kruh in pekovski izdelki",
        "url": "/h/kruh-in-pekovski-izdelki/h10071015",
        "hidden": false
      }
    ],
    "campaigns": [
      {
        "id": "10025136",
        "name": "Novo v ponudbi",
        "url": "/c/novo-v-ponudbi/a10025136",
        "hidden": false
      }
    ],
    "world_of_needs_code": "1713",
    "world_of_needs_name": "Kruh in pekovsko pecivo",
    "world_of_needs_parent": "17",
    "is_main_category": true,
    "super_categories": [
      {
        "code": "17",
        "name": "Hrana in bližnja hrana",
        "parent": "0"
      },
      {
        "code": "0",
        "name": "Svetovi potreb",
        "parent": ""
      }
    ],
    "position": 494,
    "tracking_payload": {
      "searchTrackingMasterId": "Product.10081049",
      "searchTrackingTitle": "Pi%C5%A1%C4%8Dan%C4%8Dje+pleskavice",
      "searchTrackingPageSize": 100,
      "searchTrackingPage": 5,
      "searchTrackingEvent": "click",
      "list": "search",
      "searchTrackingId": "Product.10081049",
      "searchTrackingOrigPos": 1,
      "searchTrackingPos": 494,
      "searchTrackingOrigPageSize": 100,
      "searchTrackingChannel": "SI",
      "category": "Food"
    }
  },
  {
    "code": "10081050",
    "name": "Piščančji čevapčiči",
    "url": "",
    "result_class": "product",
    "type": "product",
    "product_id": 10081050,
    "erp_number": "10081050",
    "item_id": 10081050,
    "full_title": "ŽAR LEGENDE Piščančji čevapčiči",
    "title": "Piščančji čevapčiči",
    "category": "Food",
    "product_type": "RETAIL",
    "age_restriction": false,
    "is_used_product": false,
    "multipack": false,
    "online": false,
    "store": true,
    "quick_add_to_cart": false,
    "flash_sales": false,
    "having_videos": false,
    "having_threesixty": false,
    "price": 3.49,
    "old_price": 0.0,
    "currency_code": "EUR",
    "currency_symbol": "€",
    "has_star": true,
    "has_vat": false,
    "price_theme": "white_red",
    "variants_have_different_prices": false,
    "base_price_text": "1 kg = 8.73",
    "base_price_prefix": false,
    "packaging_text": "400 g",
    "discount_deleted_price": null,
    "discount_text": null,
    "discount_percentage": null,
    "discount_has_star": null,
    "show_discount": null,
    "show_percentage": null,
    "from_recommended_price": null,
    "availability_indicator": 0,
    "online_available": false,
    "min_orderable_quantity": 1,
    "orderable_quantities": [],
    "badge_texts": [
      "V trgovini"
    ],
    "badge_types": [
      "IN_STORE"
    ],
    "main_image": "https://imgproxy-retcat.assets.schwarz/eI5zFw3AZpYG1MMvD7T9fqpXtXwceZF_-o89ZF9xQAM/sm:1/w:427/h:320/cz/M6Ly9wcm9kLWNhd/GFsb2ctbWVkaWEvaW50LzU3REQyRDA0NjVFOTNDNUI4RjBFQTA0Q0/MyMURFNUQ0MkI3NzU4REE5Q0Q3MkNDODlEQTFGQjY4NTUzNzQwQjEucG5n.png",
    "image_list": [
      "https://imgproxy-retcat.assets.schwarz/eI5zFw3AZpYG1MMvD7T9fqpXtXwceZF_-o89ZF9xQAM/sm:1/w:427/h:320/cz/M6Ly9wcm9kLWNhd/GFsb2ctbWVkaWEvaW50LzU3REQyRDA0NjVFOTNDNUI4RjBFQTA0Q0/MyMURFNUQ0MkI3NzU4REE5Q0Q3MkNDODlEQTFGQjY4NTUzNzQwQjEucG5n.png"
    ],
    "image_accessibility": "Piščančji čevapčiči Žar Legende v plastični embalaži.",
    "detailed_images": [
      {
        "url": "https://imgproxy-retcat.assets.schwarz/eI5zFw3AZpYG1MMvD7T9fqpXtXwceZF_-o89ZF9xQAM/sm:1/w:427/h:320/cz/M6Ly9wcm9kLWNhd/GFsb2ctbWVkaWEvaW50LzU3REQyRDA0NjVFOTNDNUI4RjBFQTA0Q0/MyMURFNUQ0MkI3NzU4REE5Q0Q3MkNDODlEQTFGQjY4NTUzNzQwQjEucG5n.png",
        "accessibility": "Piščančji čevapčiči Žar Legende v plastični embalaži."
      }
    ],
    "analytics_category": "Food",
    "more_details": "Dodatne podrobnosti o izdelku",
    "won_category_primary": "Svetovi potreb/Hrana in bližnja hrana/Klobase in meso",
    "won_category_primary_path": "0/17/1717",
    "canonical_path": "/p/zar-legende-piscancji-cevapcici/p10081050",
    "canonical_url": "/p/zar-legende-piscancji-cevapcici/p10081050",
    "awards": [],
    "seals": [
      {
        "altText": "Nalepka: IZBRANA KAKOVOST, dva diamanti",
        "image": "https://imgproxy-retcat.assets.schwarz/wtd5_GfhfuyCgNwAfOv49gnGT4Rn6TY8NjywUVGixAk/sm:1/w:140/cz/M6Ly9wcm9kLWNhd/GFsb2ctbWVkaWEvc2kvMi9ERjg3RTE1MjgwMUFGRjI2RTRDNEZCMTc/zMkQ1NjRFODNBNzZEN0IxNUQ5MDY2Q0U4RDAxMEY5MTUzMzkyQjRCLnBuZw.png"
      },
      {
        "altText": "Nalepka: Hlajeno",
        "image": "https://imgproxy-retcat.assets.schwarz/7x3Iby7aD19hFySDnP2YoXt7E1r0JrvJVj0QO1gUOes/sm:1/w:140/cz/M6Ly9wcm9kLWNhd/GFsb2ctbWVkaWEvc2kvMi8xMzFBN0E2RDlCREZGREQxOEE2OTFDNEZ/FNDE5RTM0QUMxQjY4OEQ0OUY2QTAxMTRDRjQ1RjdCNTNDRjM2NUJBLnBuZw.png"
      }
    ],
    "ribbons": [],
    "highlighted_seals": 0,
    "lidl_plus": [],
    "regions": [],
    "ians": [
      "7307937"
    ],
    "show_brand": true,
    "deal_of_day_active": false,
    "full_title_meta": "ŽAR LEGENDE Piščančji čevapčiči",
    "lists": [
      16
    ],
    "preview": false,
    "category_breadcrumbs": [
      {
        "id": "10068374",
        "name": "Hrana in pijača",
        "url": "/c/hrana-in-pijaca/s10068374",
        "hidden": false
      },
      {
        "id": "10071016",
        "name": "Meso in mesni izdelki",
        "url": "/h/meso-in-mesni-izdelki/h10071016",
        "hidden": false
      }
    ],
    "campaigns": [
      {
        "id": "10025136",
        "name": "Novo v ponudbi",
        "url": "/c/novo-v-ponudbi/a10025136",
        "hidden": false
      }
    ],
    "world_of_needs_code": "1717",
    "world_of_needs_name": "Klobase in meso",
    "world_of_needs_parent": "17",
    "is_main_category": true,
    "super_categories": [
      {
        "code": "17",
        "name": "Hrana in bližnja hrana",
        "parent": "0"
      },
      {
        "code": "0",
        "name": "Svetovi potreb",
        "parent": ""
      }
    ],
    "position": 495,
    "tracking_payload": {
      "searchTrackingMasterId": "Product.10081050",
      "searchTrackingTitle": "Pi%C5%A1%C4%8Dan%C4%8Dji+%C4%8Devap%C4%8Di%C4%8Di",
      "searchTrackingPageSize": 100,
      "searchTrackingPage": 5,
      "searchTrackingEvent": "click",
      "list": "search",
      "searchTrackingId": "Product.10081050",
      "searchTrackingOrigPos": 1,
      "searchTrackingPos": 495,
      "searchTrackingOrigPageSize": 100,
      "searchTrackingChannel": "SI",
      "category": "Food"
    }
  },
  {
    "code": "10081051",
    "name": "Robčki",
    "url": "",
    "result_class": "product",
    "type": "product",
    "product_id": 10081051,
    "erp_number": "10081051",
    "item_id": 10081051,
    "full_title": "FLORALYS Robčki",
    "title": "Robčki",
    "category": "Food",
    "product_type": "RETAIL",
    "age_restriction": false,
    "is_used_product": false,
    "multipack": false,
    "online": false,
    "store": true,
    "quick_add_to_cart": false,
    "flash_sales": false,
    "having_videos": false,
    "having_threesixty": false,
    "price": 0.79,
    "old_price": 0.0,
    "currency_code": "EUR",
    "currency_symbol": "€",
    "has_star": true,
    "has_vat": false,
    "price_theme": "white_red",
    "variants_have_different_prices": false,
    "base_price_text": "1 zavoj = 0.08",
    "base_price_prefix": false,
    "packaging_text": "10 zavojev po 10 kosov",
    "discount_deleted_price": null,
    "discount_text": null,
    "discount_percentage": null,
    "discount_has_star": null,
    "show_discount": null,
    "show_percentage": null,
    "from_recommended_price": null,
    "availability_indicator": 0,
    "online_available": false,
    "min_orderable_quantity": 1,
    "orderable_quantities": [],
    "badge_texts": [
      "V trgovini"
    ],
    "badge_types": [
      "IN_STORE"
    ],
    "main_image": "https://imgproxy-retcat.assets.schwarz/sWgSVeI3Obp9ZgEbQc4qxeB4-aoXxvH0Z4wjCV76sss/sm:1/w:427/h:320/cz/M6Ly9wcm9kLWNhd/GFsb2ctbWVkaWEvaW50L0FDRUQ0M0QzQkNFQjM4MTExNjA4RDhEQ0/QxN0Y2MUJEQjNCQUI1MjA5MEI0RDNBMzRFQkQ0MEMzRkY0RjZCRDQucG5n.png",
    "image_list": [
      "https://imgproxy-retcat.assets.schwarz/sWgSVeI3Obp9ZgEbQc4qxeB4-aoXxvH0Z4wjCV76sss/sm:1/w:427/h:320/cz/M6Ly9wcm9kLWNhd/GFsb2ctbWVkaWEvaW50L0FDRUQ0M0QzQkNFQjM4MTExNjA4RDhEQ0/QxN0Y2MUJEQjNCQUI1MjA5MEI0RDNBMzRFQkQ0MEMzRkY0RjZCRDQucG5n.png"
    ],
    "image_accessibility": "Robčki Floraly's: mehki in trpežni, 100% celuloza.",
    "detailed_images": [
      {
        "url": "https://imgproxy-retcat.assets.schwarz/sWgSVeI3Obp9ZgEbQc4qxeB4-aoXxvH0Z4wjCV76sss/sm:1/w:427/h:320/cz/M6Ly9wcm9kLWNhd/GFsb2ctbWVkaWEvaW50L0FDRUQ0M0QzQkNFQjM4MTExNjA4RDhEQ0/QxN0Y2MUJEQjNCQUI1MjA5MEI0RDNBMzRFQkQ0MEMzRkY0RjZCRDQucG5n.png",
        "accessibility": "Robčki Floraly's: mehki in trpežni, 100% celuloza."
      }
    ],
    "analytics_category": "Food",
    "more_details": "Dodatne podrobnosti o izdelku",
    "won_category_primary": "Svetovi potreb/Hrana in bližnja hrana/Drogerija - higiena, otroška hrana, kozmetika, čistila",
    "won_category_primary_path": "0/17/1723",
    "canonical_path": "/p/floralys-robcki/p10081051",
    "canonical_url": "/p/floralys-robcki/p10081051",
    "awards": [],
    "seals": [],
    "ribbons": [],
    "highlighted_seals": 0,
    "lidl_plus": [],
    "regions": [],
    "ians": [
      "34875"
    ],
    "show_brand": true,
    "deal_of_day_active": false,
    "full_title_meta": "FLORALYS Robčki",
    "lists": [
      16
    ],
    "preview": false,
    "category_breadcrumbs": [
      {
        "id": "10068374",
        "name": "Hrana in pijača",
        "url": "/c/hrana-in-pijaca/s10068374",
        "hidden": false
      },
      {
        "id": "10071019",
        "name": "Osebna nega",
        "url": "/h/osebna-nega/h10071019",
        "hidden": false
      }
    ],
    "campaigns": [
      {
        "id": "10025136",
        "name": "Novo v ponudbi",
        "url": "/c/novo-v-ponudbi/a10025136",
        "hidden": false
      }
    ],
    "world_of_needs_code": "1723",
    "world_of_needs_name": "Drogerija - higiena, otroška hrana, kozmetika, čistila",
    "world_of_needs_parent": "17",
    "is_main_category": true,
    "super_categories": [
      {
        "code": "17",
        "name": "Hrana in bližnja hrana",
        "parent": "0"
      },
      {
        "code": "0",
        "name": "Svetovi potreb",
        "parent": ""
      }
    ],
    "position": 496,
    "tracking_payload": {
      "searchTrackingMasterId": "Product.10081051",
      "searchTrackingTitle": "Rob%C4%8Dki",
      "searchTrackingPageSize": 100,
      "searchTrackingPage": 5,
      "searchTrackingEvent": "click",
      "list": "search",
      "searchTrackingId": "Product.10081051",
      "searchTrackingOrigPos": 1,
      "searchTrackingPos": 496,
      "searchTrackingOrigPageSize": 100,
      "searchTrackingChannel": "SI",
      "category": "Food"
    }
  },
  {
    "code": "10081052",
    "name": "Vodni sladoled cola",
    "url": "",
    "result_class": "product",
    "type": "product",
    "product_id": 10081052,
    "erp_number": "10081052",
    "item_id": 10081052,
    "full_title": "BON GELATI Vodni sladoled cola",
    "title": "Vodni sladoled cola",
    "category": "Food",
    "product_type": "RETAIL",
    "age_restriction": false,
    "is_used_product": false,
    "multipack": false,
    "online": false,
    "store": true,
    "quick_add_to_cart": false,
    "flash_sales": false,
    "having_videos": false,
    "having_threesixty": false,
    "price": 0.59,
    "old_price": 0.0,
    "currency_code": "EUR",
    "currency_symbol": "€",
    "has_star": true,
    "has_vat": false,
    "price_theme": "white_red",
    "variants_have_different_prices": false,
    "base_price_text": "1 l = 5.36",
    "base_price_prefix": false,
    "packaging_text": "110 ml",
    "discount_deleted_price": null,
    "discount_text": null,
    "discount_percentage": null,
    "discount_has_star": null,
    "show_discount": null,
    "show_percentage": null,
    "from_recommended_price": null,
    "availability_indicator": 0,
    "online_available": false,
    "min_orderable_quantity": 1,
    "orderable_quantities": [],
    "badge_texts": [
      "V trgovini"
    ],
    "badge_types": [
      "IN_STORE"
    ],
    "main_image": "https://imgproxy-retcat.assets.schwarz/tLgKJI0dMGpzOlvRgtN_O9_l1bV5-PodqGRFhKndA1M/sm:1/w:427/h:320/cz/M6Ly9wcm9kLWNhd/GFsb2ctbWVkaWEvaW50L0ZBODY0RjlCQzI2OTZDMDU1OTYzOEU3Nz/AyOUQzQzQ2RDgzNjAxRkM2NkFDNEE5REExNzhDRkEzQzBGNkEzQjkucG5n.png",
    "image_list": [
      "https://imgproxy-retcat.assets.schwarz/tLgKJI0dMGpzOlvRgtN_O9_l1bV5-PodqGRFhKndA1M/sm:1/w:427/h:320/cz/M6Ly9wcm9kLWNhd/GFsb2ctbWVkaWEvaW50L0ZBODY0RjlCQzI2OTZDMDU1OTYzOEU3Nz/AyOUQzQzQ2RDgzNjAxRkM2NkFDNEE5REExNzhDRkEzQzBGNkEzQjkucG5n.png"
    ],
    "image_accessibility": "Bon Gelati kola sladoled v kornet.",
    "detailed_images": [
      {
        "url": "https://imgproxy-retcat.assets.schwarz/tLgKJI0dMGpzOlvRgtN_O9_l1bV5-PodqGRFhKndA1M/sm:1/w:427/h:320/cz/M6Ly9wcm9kLWNhd/GFsb2ctbWVkaWEvaW50L0ZBODY0RjlCQzI2OTZDMDU1OTYzOEU3Nz/AyOUQzQzQ2RDgzNjAxRkM2NkFDNEE5REExNzhDRkEzQzBGNkEzQjkucG5n.png",
        "accessibility": "Bon Gelati kola sladoled v kornet."
      }
    ],
    "analytics_category": "Food",
    "more_details": "Dodatne podrobnosti o izdelku",
    "won_category_primary": "Svetovi potreb/Hrana in bližnja hrana/Prigrizki in slaščice",
    "won_category_primary_path": "0/17/1721",
    "canonical_path": "/p/bon-gelati-vodni-sladoled-cola/p10081052",
    "canonical_url": "/p/bon-gelati-vodni-sladoled-cola/p10081052",
    "awards": [],
    "seals": [
      {
        "altText": "Znak: Zamrznjeno",
        "image": "https://imgproxy-retcat.assets.schwarz/ayWyw20LfIYJzOhoc4KvR8G0z3S3CSGFD0vHUIK3dgY/sm:1/w:140/cz/M6Ly9wcm9kLWNhd/GFsb2ctbWVkaWEvc2kvMi81NkZCNjYzMzA5NkRFMERFNzUzNEI1ODY/xRDQ4Q0MxRTkxQkUzNUMxOTBGNTAyMURGMjJGODEyQzk0ODhCNTYwLnBuZw.png"
      }
    ],
    "ribbons": [],
    "highlighted_seals": 0,
    "lidl_plus": [],
    "regions": [],
    "ians": [
      "66024"
    ],
    "show_brand": true,
    "deal_of_day_active": false,
    "full_title_meta": "BON GELATI Vodni sladoled cola",
    "lists": [
      16
    ],
    "preview": false,
    "category_breadcrumbs": [
      {
        "id": "10068374",
        "name": "Hrana in pijača",
        "url": "/c/hrana-in-pijaca/s10068374",
        "hidden": false
      },
      {
        "id": "10071044",
        "name": "Prigrizki in sladkarije",
        "url": "/h/prigrizki-in-sladkarije/h10071044",
        "hidden": false
      }
    ],
    "campaigns": [
      {
        "id": "10025136",
        "name": "Novo v ponudbi",
        "url": "/c/novo-v-ponudbi/a10025136",
        "hidden": false
      }
    ],
    "world_of_needs_code": "1721",
    "world_of_needs_name": "Prigrizki in slaščice",
    "world_of_needs_parent": "17",
    "is_main_category": true,
    "super_categories": [
      {
        "code": "17",
        "name": "Hrana in bližnja hrana",
        "parent": "0"
      },
      {
        "code": "0",
        "name": "Svetovi potreb",
        "parent": ""
      }
    ],
    "position": 497,
    "tracking_payload": {
      "searchTrackingMasterId": "Product.10081052",
      "searchTrackingTitle": "Vodni+sladoled+cola",
      "searchTrackingPageSize": 100,
      "searchTrackingPage": 5,
      "searchTrackingEvent": "click",
      "list": "search",
      "searchTrackingId": "Product.10081052",
      "searchTrackingOrigPos": 1,
      "searchTrackingPos": 497,
      "searchTrackingOrigPageSize": 100,
      "searchTrackingChannel": "SI",
      "category": "Food"
    }
  },
  {
    "code": "10081053",
    "name": "Čokolada",
    "url": "",
    "result_class": "product",
    "type": "product",
    "product_id": 10081053,
    "erp_number": "10081053",
    "item_id": 10081053,
    "full_title": "FIN CARRÉ Čokolada",
    "title": "Čokolada ",
    "category": "Food",
    "product_type": "RETAIL",
    "age_restriction": false,
    "is_used_product": false,
    "multipack": false,
    "online": false,
    "store": true,
    "quick_add_to_cart": false,
    "flash_sales": false,
    "having_videos": false,
    "having_threesixty": false,
    "price": 1.99,
    "old_price": 0.0,
    "currency_code": "EUR",
    "currency_symbol": "€",
    "has_star": true,
    "has_vat": false,
    "price_theme": "white_red",
    "variants_have_different_prices": false,
    "base_price_text": "1 kg = 19.90",
    "base_price_prefix": false,
    "packaging_text": "100 g",
    "discount_deleted_price": null,
    "discount_text": null,
    "discount_percentage": null,
    "discount_has_star": null,
    "show_discount": null,
    "show_percentage": null,
    "from_recommended_price": null,
    "availability_indicator": 0,
    "online_available": false,
    "min_orderable_quantity": 1,
    "orderable_quantities": [],
    "badge_texts": [
      "V trgovini"
    ],
    "badge_types": [
      "IN_STORE"
    ],
    "main_image": "https://imgproxy-retcat.assets.schwarz/tmKWPS1RQpbNNeWtlIVLuul9UXckuy2VvPnQMp6Llf0/sm:1/w:427/h:320/cz/M6Ly9wcm9kLWNhd/GFsb2ctbWVkaWEvaW50L0JGMDJBOEYyRTgxMDZEOEZGQkFERTg2NE/Q2MzNENjRBNDk0NTYxQzFGRjI4NzBEODVBMTc0QkE5QjAxODgwNTUucG5n.png",
    "image_list": [
      "https://imgproxy-retcat.assets.schwarz/tmKWPS1RQpbNNeWtlIVLuul9UXckuy2VvPnQMp6Llf0/sm:1/w:427/h:320/cz/M6Ly9wcm9kLWNhd/GFsb2ctbWVkaWEvaW50L0JGMDJBOEYyRTgxMDZEOEZGQkFERTg2NE/Q2MzNENjRBNDk0NTYxQzFGRjI4NzBEODVBMTc0QkE5QjAxODgwNTUucG5n.png",
      "https://imgproxy-retcat.assets.schwarz/ndF93RlebzjeXd7a89aQ2EMURGcuz8xrMXWjoLghgfk/sm:1/w:427/h:320/cz/M6Ly9wcm9kLWNhd/GFsb2ctbWVkaWEvaW50LzBBMzNCNUIyRDcyOUM3NzJDRTA2RDlGN0/M2NkRFRDIxRkE1RDU4MDkwOEVDNzhCNkY1N0JFMTg2QjlCNUI3QkIucG5n.png"
    ],
    "image_accessibility": "Fin Carre: 100g temne čokolade brez dodanega sladkorja.",
    "detailed_images": [
      {
        "url": "https://imgproxy-retcat.assets.schwarz/tmKWPS1RQpbNNeWtlIVLuul9UXckuy2VvPnQMp6Llf0/sm:1/w:427/h:320/cz/M6Ly9wcm9kLWNhd/GFsb2ctbWVkaWEvaW50L0JGMDJBOEYyRTgxMDZEOEZGQkFERTg2NE/Q2MzNENjRBNDk0NTYxQzFGRjI4NzBEODVBMTc0QkE5QjAxODgwNTUucG5n.png",
        "accessibility": "Fin Carre: 100g temne čokolade brez dodanega sladkorja."
      },
      {
        "url": "https://imgproxy-retcat.assets.schwarz/ndF93RlebzjeXd7a89aQ2EMURGcuz8xrMXWjoLghgfk/sm:1/w:427/h:320/cz/M6Ly9wcm9kLWNhd/GFsb2ctbWVkaWEvaW50LzBBMzNCNUIyRDcyOUM3NzJDRTA2RDlGN0/M2NkRFRDIxRkE1RDU4MDkwOEVDNzhCNkY1N0JFMTg2QjlCNUI3QkIucG5n.png",
        "accessibility": "Fin Carre mlečna čokolada brez dodanega sladkorja."
      }
    ],
    "analytics_category": "Food",
    "more_details": "Dodatne podrobnosti o izdelku",
    "won_category_primary": "Svetovi potreb/Hrana in bližnja hrana/Prigrizki in slaščice",
    "won_category_primary_path": "0/17/1721",
    "canonical_path": "/p/fin-carre-cokolada/p10081053",
    "canonical_url": "/p/fin-carre-cokolada/p10081053",
    "awards": [],
    "seals": [
      {
        "altText": "Fairtrade kakav",
        "image": "https://imgproxy-retcat.assets.schwarz/Ev56WuA4alomi2ueNXSfh4fTBQrmkb_e9o3Rn2ggm2Y/sm:1/w:140/cz/M6Ly9wcm9kLWNhd/GFsb2ctbWVkaWEvc2kvMi9EM0U1RTc1N0I2QzkzODFDMjVDMDU4NjR/BRTNGQ0NBRDVGQTM0RkE2NjRDQkU0QjczNkU3RjI5RTIyRkMwMjUzLnBuZw.png"
      }
    ],
    "ribbons": [],
    "highlighted_seals": 0,
    "lidl_plus": [],
    "regions": [],
    "ians": [
      "149698"
    ],
    "show_brand": true,
    "deal_of_day_active": false,
    "full_title_meta": "FIN CARRÉ Čokolada",
    "lists": [
      16
    ],
    "preview": false,
    "category_breadcrumbs": [
      {
        "id": "10068374",
        "name": "Hrana in pijača",
        "url": "/c/hrana-in-pijaca/s10068374",
        "hidden": false
      },
      {
        "id": "10071044",
        "name": "Prigrizki in sladkarije",
        "url": "/h/prigrizki-in-sladkarije/h10071044",
        "hidden": false
      }
    ],
    "campaigns": [
      {
        "id": "10025136",
        "name": "Novo v ponudbi",
        "url": "/c/novo-v-ponudbi/a10025136",
        "hidden": false
      }
    ],
    "world_of_needs_code": "1721",
    "world_of_needs_name": "Prigrizki in slaščice",
    "world_of_needs_parent": "17",
    "is_main_category": true,
    "super_categories": [
      {
        "code": "17",
        "name": "Hrana in bližnja hrana",
        "parent": "0"
      },
      {
        "code": "0",
        "name": "Svetovi potreb",
        "parent": ""
      }
    ],
    "position": 498,
    "tracking_payload": {
      "searchTrackingMasterId": "Product.10081053",
      "searchTrackingTitle": "%C4%8Cokolada",
      "searchTrackingPageSize": 100,
      "searchTrackingPage": 5,
      "searchTrackingEvent": "click",
      "list": "search",
      "searchTrackingId": "Product.10081053",
      "searchTrackingOrigPos": 1,
      "searchTrackingPos": 498,
      "searchTrackingOrigPageSize": 100,
      "searchTrackingChannel": "SI",
      "category": "Food"
    }
  },
  {
    "code": "10081054",
    "name": "Bela čokolada z malinami in robidami",
    "url": "",
    "result_class": "product",
    "type": "product",
    "product_id": 10081054,
    "erp_number": "10081054",
    "item_id": 10081054,
    "full_title": "J.D. GROSS Bela čokolada z malinami in robidami",
    "title": "Bela čokolada z malinami in robidami",
    "category": "Food",
    "product_type": "RETAIL",
    "age_restriction": false,
    "is_used_product": false,
    "multipack": false,
    "online": false,
    "store": true,
    "quick_add_to_cart": false,
    "flash_sales": false,
    "having_videos": false,
    "having_threesixty": false,
    "price": 2.19,
    "old_price": 0.0,
    "currency_code": "EUR",
    "currency_symbol": "€",
    "has_star": true,
    "has_vat": false,
    "price_theme": "white_red",
    "variants_have_different_prices": false,
    "base_price_text": "1 kg = 17.52",
    "base_price_prefix": false,
    "packaging_text": "125 g",
    "discount_deleted_price": null,
    "discount_text": null,
    "discount_percentage": null,
    "discount_has_star": null,
    "show_discount": null,
    "show_percentage": null,
    "from_recommended_price": null,
    "availability_indicator": 0,
    "online_available": false,
    "min_orderable_quantity": 1,
    "orderable_quantities": [],
    "badge_texts": [
      "V trgovini"
    ],
    "badge_types": [
      "IN_STORE"
    ],
    "main_image": "https://imgproxy-retcat.assets.schwarz/moTgCNlRq3SrKi4scAvn8OEWPLocYzFuihLptZxUH4Q/sm:1/w:427/h:320/cz/M6Ly9wcm9kLWNhd/GFsb2ctbWVkaWEvaW50L0Y0NzA3MkMyMDYxNjUwOERFRDk0MzU5OT/IwRTFBQkE0QjNGNEE3RkI1NjEyNDhEQUM3NUVGMTk4QTc2MkRFMTAucG5n.png",
    "image_list": [
      "https://imgproxy-retcat.assets.schwarz/moTgCNlRq3SrKi4scAvn8OEWPLocYzFuihLptZxUH4Q/sm:1/w:427/h:320/cz/M6Ly9wcm9kLWNhd/GFsb2ctbWVkaWEvaW50L0Y0NzA3MkMyMDYxNjUwOERFRDk0MzU5OT/IwRTFBQkE0QjNGNEE3RkI1NjEyNDhEQUM3NUVGMTk4QTc2MkRFMTAucG5n.png"
    ],
    "image_accessibility": "J.D.Gross bela čokolada z malnami in borovnicami.",
    "detailed_images": [
      {
        "url": "https://imgproxy-retcat.assets.schwarz/moTgCNlRq3SrKi4scAvn8OEWPLocYzFuihLptZxUH4Q/sm:1/w:427/h:320/cz/M6Ly9wcm9kLWNhd/GFsb2ctbWVkaWEvaW50L0Y0NzA3MkMyMDYxNjUwOERFRDk0MzU5OT/IwRTFBQkE0QjNGNEE3RkI1NjEyNDhEQUM3NUVGMTk4QTc2MkRFMTAucG5n.png",
        "accessibility": "J.D.Gross bela čokolada z malnami in borovnicami."
      }
    ],
    "analytics_category": "Food",
    "more_details": "Dodatne podrobnosti o izdelku",
    "won_category_primary": "Svetovi potreb/Hrana in bližnja hrana/Prigrizki in slaščice",
    "won_category_primary_path": "0/17/1721",
    "canonical_path": "/p/j-d-gross-bela-cokolada-z-malinami-in-robidami/p10081054",
    "canonical_url": "/p/j-d-gross-bela-cokolada-z-malinami-in-robidami/p10081054",
    "awards": [],
    "seals": [
      {
        "altText": "Fairtrade kakav",
        "image": "https://imgproxy-retcat.assets.schwarz/Ev56WuA4alomi2ueNXSfh4fTBQrmkb_e9o3Rn2ggm2Y/sm:1/w:140/cz/M6Ly9wcm9kLWNhd/GFsb2ctbWVkaWEvc2kvMi9EM0U1RTc1N0I2QzkzODFDMjVDMDU4NjR/BRTNGQ0NBRDVGQTM0RkE2NjRDQkU0QjczNkU3RjI5RTIyRkMwMjUzLnBuZw.png"
      }
    ],
    "ribbons": [],
    "highlighted_seals": 0,
    "lidl_plus": [],
    "regions": [],
    "ians": [
      "174581"
    ],
    "show_brand": true,
    "deal_of_day_active": false,
    "full_title_meta": "J.D. GROSS Bela čokolada z malinami in robidami",
    "lists": [
      16
    ],
    "preview": false,
    "category_breadcrumbs": [
      {
        "id": "10068374",
        "name": "Hrana in pijača",
        "url": "/c/hrana-in-pijaca/s10068374",
        "hidden": false
      },
      {
        "id": "10071044",
        "name": "Prigrizki in sladkarije",
        "url": "/h/prigrizki-in-sladkarije/h10071044",
        "hidden": false
      }
    ],
    "campaigns": [
      {
        "id": "10025136",
        "name": "Novo v ponudbi",
        "url": "/c/novo-v-ponudbi/a10025136",
        "hidden": false
      }
    ],
    "world_of_needs_code": "1721",
    "world_of_needs_name": "Prigrizki in slaščice",
    "world_of_needs_parent": "17",
    "is_main_category": true,
    "super_categories": [
      {
        "code": "17",
        "name": "Hrana in bližnja hrana",
        "parent": "0"
      },
      {
        "code": "0",
        "name": "Svetovi potreb",
        "parent": ""
      }
    ],
    "position": 499,
    "tracking_payload": {
      "searchTrackingMasterId": "Product.10081054",
      "searchTrackingTitle": "Bela+%C4%8Dokolada+z+malinami+in+robidami",
      "searchTrackingPageSize": 100,
      "searchTrackingPage": 5,
      "searchTrackingEvent": "click",
      "list": "search",
      "searchTrackingId": "Product.10081054",
      "searchTrackingOrigPos": 1,
      "searchTrackingPos": 499,
      "searchTrackingOrigPageSize": 100,
      "searchTrackingChannel": "SI",
      "category": "Food"
    }
  },
  {
    "code": "10081055",
    "name": "Krema za nego dojenčka",
    "url": "",
    "result_class": "product",
    "type": "product",
    "product_id": 10081055,
    "erp_number": "10081055",
    "item_id": 10081055,
    "full_title": "LUPILU Krema za nego dojenčka",
    "title": "Krema za nego dojenčka",
    "category": "Food",
    "product_type": "RETAIL",
    "age_restriction": false,
    "is_used_product": false,
    "multipack": false,
    "online": false,
    "store": true,
    "quick_add_to_cart": false,
    "flash_sales": false,
    "having_videos": false,
    "having_threesixty": false,
    "price": 1.99,
    "old_price": 0.0,
    "currency_code": "EUR",
    "currency_symbol": "€",
    "has_star": true,
    "has_vat": false,
    "price_theme": "white_red",
    "variants_have_different_prices": false,
    "base_price_text": "1 l = 19.90",
    "base_price_prefix": false,
    "packaging_text": "100 ml",
    "discount_deleted_price": null,
    "discount_text": null,
    "discount_percentage": null,
    "discount_has_star": null,
    "show_discount": null,
    "show_percentage": null,
    "from_recommended_price": null,
    "availability_indicator": 0,
    "online_available": false,
    "min_orderable_quantity": 1,
    "orderable_quantities": [],
    "badge_texts": [
      "V trgovini"
    ],
    "badge_types": [
      "IN_STORE"
    ],
    "main_image": "https://imgproxy-retcat.assets.schwarz/2NMQdfncqIKyDfS3E27ZNEjchTzKef9BU9Kg7sbziLY/sm:1/w:427/h:320/cz/M6Ly9wcm9kLWNhd/GFsb2ctbWVkaWEvaW50LzZEQkI2ODYwMURGODkzREQwRjg3RTc0Qz/RCOUIzNUNBNDhBQTlCODM1OUIyMEY4QzNFQjlEODNCNEVBMjNGQTkucG5n.png",
    "image_list": [
      "https://imgproxy-retcat.assets.schwarz/2NMQdfncqIKyDfS3E27ZNEjchTzKef9BU9Kg7sbziLY/sm:1/w:427/h:320/cz/M6Ly9wcm9kLWNhd/GFsb2ctbWVkaWEvaW50LzZEQkI2ODYwMURGODkzREQwRjg3RTc0Qz/RCOUIzNUNBNDhBQTlCODM1OUIyMEY4QzNFQjlEODNCNEVBMjNGQTkucG5n.png",
      "https://imgproxy-retcat.assets.schwarz/jb_bwCWIeIFAWTJ5Sj7gSXEMg02ffhid8Z6esZTMSRw/sm:1/w:427/h:320/cz/M6Ly9wcm9kLWNhd/GFsb2ctbWVkaWEvaW50LzRCMTVCREFCRDE1OUJBNzY0RjZDRDA0Q0/M5M0QwQjNDODEzQ0IwQTdFNTE2ODhBMTVCQTVDQUVEN0U3MUE5M0YucG5n.png"
    ],
    "image_accessibility": "Lupilu krema za zaščito pred plenicnim izpuščajem za občutljivo dojenčkovo kožo.",
    "detailed_images": [
      {
        "url": "https://imgproxy-retcat.assets.schwarz/2NMQdfncqIKyDfS3E27ZNEjchTzKef9BU9Kg7sbziLY/sm:1/w:427/h:320/cz/M6Ly9wcm9kLWNhd/GFsb2ctbWVkaWEvaW50LzZEQkI2ODYwMURGODkzREQwRjg3RTc0Qz/RCOUIzNUNBNDhBQTlCODM1OUIyMEY4QzNFQjlEODNCNEVBMjNGQTkucG5n.png",
        "accessibility": "Lupilu krema za zaščito pred plenicnim izpuščajem za občutljivo dojenčkovo kožo."
      },
      {
        "url": "https://imgproxy-retcat.assets.schwarz/jb_bwCWIeIFAWTJ5Sj7gSXEMg02ffhid8Z6esZTMSRw/sm:1/w:427/h:320/cz/M6Ly9wcm9kLWNhd/GFsb2ctbWVkaWEvaW50LzRCMTVCREFCRDE1OUJBNzY0RjZDRDA0Q0/M5M0QwQjNDODEzQ0IwQTdFNTE2ODhBMTVCQTVDQUVEN0U3MUE5M0YucG5n.png",
        "accessibility": "Lupilu Caring Soft Cream za obraz in telo, s karitejevim maslom in pantenolom."
      }
    ],
    "analytics_category": "Food",
    "more_details": "Dodatne podrobnosti o izdelku",
    "won_category_primary": "Svetovi potreb/Hrana in bližnja hrana/Drogerija - higiena, otroška hrana, kozmetika, čistila",
    "won_category_primary_path": "0/17/1723",
    "canonical_path": "/p/lupilu-krema-za-nego-dojencka/p10081055",
    "canonical_url": "/p/lupilu-krema-za-nego-dojencka/p10081055",
    "awards": [],
    "seals": [],
    "ribbons": [],
    "highlighted_seals": 0,
    "lidl_plus": [],
    "regions": [],
    "ians": [
      "192749"
    ],
    "show_brand": true,
    "deal_of_day_active": false,
    "full_title_meta": "LUPILU Krema za nego dojenčka",
    "lists": [
      16
    ],
    "preview": false,
    "category_breadcrumbs": [
      {
        "id": "10068374",
        "name": "Hrana in pijača",
        "url": "/c/hrana-in-pijaca/s10068374",
        "hidden": false
      },
      {
        "id": "10071019",
        "name": "Osebna nega",
        "url": "/h/osebna-nega/h10071019",
        "hidden": false
      }
    ],
    "campaigns": [
      {
        "id": "10025136",
        "name": "Novo v ponudbi",
        "url": "/c/novo-v-ponudbi/a10025136",
        "hidden": false
      }
    ],
    "world_of_needs_code": "1723",
    "world_of_needs_name": "Drogerija - higiena, otroška hrana, kozmetika, čistila",
    "world_of_needs_parent": "17",
    "is_main_category": true,
    "super_categories": [
      {
        "code": "17",
        "name": "Hrana in bližnja hrana",
        "parent": "0"
      },
      {
        "code": "0",
        "name": "Svetovi potreb",
        "parent": ""
      }
    ],
    "position": 500,
    "tracking_payload": {
      "searchTrackingMasterId": "Product.10081055",
      "searchTrackingTitle": "Krema+za+nego+dojen%C4%8Dka",
      "searchTrackingPageSize": 100,
      "searchTrackingPage": 5,
      "searchTrackingEvent": "click",
      "list": "search",
      "searchTrackingId": "Product.10081055",
      "searchTrackingOrigPos": 1,
      "searchTrackingPos": 500,
      "searchTrackingOrigPageSize": 100,
      "searchTrackingChannel": "SI",
      "category": "Food"
    }
  },
  {
    "code": "10080245",
    "name": "Sveže piščančje peruti, 1 kg",
    "url": "",
    "result_class": "product",
    "type": "product",
    "product_id": 10080245,
    "erp_number": "10080245",
    "item_id": 10080245,
    "full_title": "ŽAR LEGENDE Sveže piščančje peruti, 1 kg",
    "title": "Sveže piščančje peruti, 1 kg",
    "category": "Food",
    "product_type": "RETAIL",
    "age_restriction": false,
    "is_used_product": false,
    "multipack": false,
    "online": false,
    "store": true,
    "quick_add_to_cart": false,
    "flash_sales": false,
    "having_videos": false,
    "having_threesixty": false,
    "price": 3.79,
    "old_price": 0.0,
    "currency_code": "EUR",
    "currency_symbol": "€",
    "has_star": true,
    "has_vat": false,
    "price_theme": "white_red",
    "variants_have_different_prices": false,
    "base_price_text": null,
    "base_price_prefix": null,
    "packaging_text": "1 kg",
    "discount_deleted_price": null,
    "discount_text": "DRUŽINSKO PAKIRANJE!",
    "discount_percentage": null,
    "discount_has_star": false,
    "show_discount": false,
    "show_percentage": false,
    "from_recommended_price": false,
    "availability_indicator": 0,
    "online_available": false,
    "min_orderable_quantity": 1,
    "orderable_quantities": [],
    "badge_texts": [
      "V trgovini od 03.07. do 09.07."
    ],
    "badge_types": [
      "IN_STORE_PAST_DATE_RANGE"
    ],
    "main_image": "https://imgproxy-retcat.assets.schwarz/1SDlko1AMqnuinH9kR5Omua4_9Ow_WLizttj2N39U8U/sm:1/w:427/h:320/cz/M6Ly9wcm9kLWNhd/GFsb2ctbWVkaWEvc2kvMS9DNjRBRERFQjRFOTYyMDE0Rjk3NEU2MDE/2MDBENDgxQjIwNTI2MkI3RTc3MDY2NTM5OTQxMjRCMEU1NzRCQjg1LmpwZw.jpg",
    "image_list": [
      "https://imgproxy-retcat.assets.schwarz/1SDlko1AMqnuinH9kR5Omua4_9Ow_WLizttj2N39U8U/sm:1/w:427/h:320/cz/M6Ly9wcm9kLWNhd/GFsb2ctbWVkaWEvc2kvMS9DNjRBRERFQjRFOTYyMDE0Rjk3NEU2MDE/2MDBENDgxQjIwNTI2MkI3RTc3MDY2NTM5OTQxMjRCMEU1NzRCQjg1LmpwZw.jpg"
    ],
    "image_accessibility": "Zamrznjena piščančja krila, pripravljena za peko, blagovna znamka Dymov.",
    "detailed_images": [
      {
        "url": "https://imgproxy-retcat.assets.schwarz/1SDlko1AMqnuinH9kR5Omua4_9Ow_WLizttj2N39U8U/sm:1/w:427/h:320/cz/M6Ly9wcm9kLWNhd/GFsb2ctbWVkaWEvc2kvMS9DNjRBRERFQjRFOTYyMDE0Rjk3NEU2MDE/2MDBENDgxQjIwNTI2MkI3RTc3MDY2NTM5OTQxMjRCMEU1NzRCQjg1LmpwZw.jpg",
        "accessibility": "Zamrznjena piščančja krila, pripravljena za peko, blagovna znamka Dymov."
      }
    ],
    "analytics_category": "Food",
    "more_details": "Dodatne podrobnosti o izdelku",
    "won_category_primary": "Svetovi potreb/Hrana in bližnja hrana/Klobase in meso",
    "won_category_primary_path": "0/17/1717",
    "canonical_path": "/p/zar-legende-sveze-piscancje-peruti-1-kg/p10080245",
    "canonical_url": "/p/zar-legende-sveze-piscancje-peruti-1-kg/p10080245",
    "awards": [],
    "seals": [
      {
        "altText": "Nalepka: IZBRANA KAKOVOST, dva diamanti",
        "image": "https://imgproxy-retcat.assets.schwarz/wtd5_GfhfuyCgNwAfOv49gnGT4Rn6TY8NjywUVGixAk/sm:1/w:140/cz/M6Ly9wcm9kLWNhd/GFsb2ctbWVkaWEvc2kvMi9ERjg3RTE1MjgwMUFGRjI2RTRDNEZCMTc/zMkQ1NjRFODNBNzZEN0IxNUQ5MDY2Q0U4RDAxMEY5MTUzMzkyQjRCLnBuZw.png"
      }
    ],
    "ribbons": [],
    "highlighted_seals": 0,
    "lidl_plus": [],
    "regions": [],
    "ians": [
      "7303616"
    ],
    "show_brand": true,
    "deal_of_day_active": false,
    "full_title_meta": "ŽAR LEGENDE Sveže piščančje peruti, 1 kg",
    "lists": [
      4986
    ],
    "preview": false,
    "category_breadcrumbs": [
      {
        "id": "10068374",
        "name": "Hrana in pijača",
        "url": "/c/hrana-in-pijaca/s10068374",
        "hidden": false
      },
      {
        "id": "10071016",
        "name": "Meso in mesni izdelki",
        "url": "/h/meso-in-mesni-izdelki/h10071016",
        "hidden": false
      }
    ],
    "campaigns": [
      {
        "id": "Current_Sales_Week",
        "name": "Ta teden",
        "url": null,
        "hidden": false
      },
      {
        "id": "10074808",
        "name": "Tvoja Lidl cena",
        "url": "/c/tvoja-lidl-cena/a10074808",
        "hidden": false
      }
    ],
    "world_of_needs_code": "1717",
    "world_of_needs_name": "Klobase in meso",
    "world_of_needs_parent": "17",
    "is_main_category": true,
    "super_categories": [
      {
        "code": "17",
        "name": "Hrana in bližnja hrana",
        "parent": "0"
      },
      {
        "code": "0",
        "name": "Svetovi potreb",
        "parent": ""
      }
    ],
    "position": 501,
    "tracking_payload": {
      "searchTrackingMasterId": "Product.10080245",
      "searchTrackingTitle": "Sve%C5%BEe+pi%C5%A1%C4%8Dan%C4%8Dje+peruti%2C+1+kg",
      "searchTrackingPageSize": 100,
      "searchTrackingPage": 6,
      "searchTrackingEvent": "click",
      "list": "search",
      "searchTrackingId": "Product.10080245",
      "searchTrackingOrigPos": 1,
      "searchTrackingPos": 501,
      "searchTrackingOrigPageSize": 100,
      "searchTrackingChannel": "SI",
      "category": "Food"
    }
  },
  {
    "code": "10079430",
    "name": "Piščančji zrezki",
    "url": "",
    "result_class": "product",
    "type": "product",
    "product_id": 10079430,
    "erp_number": "10079430",
    "item_id": 10079430,
    "full_title": "CULINEA Piščančji zrezki",
    "title": "Piščančji zrezki",
    "category": "Food",
    "product_type": "RETAIL",
    "age_restriction": false,
    "is_used_product": false,
    "multipack": false,
    "online": false,
    "store": true,
    "quick_add_to_cart": false,
    "flash_sales": false,
    "having_videos": false,
    "having_threesixty": false,
    "price": 5.89,
    "old_price": 5.99,
    "currency_code": "EUR",
    "currency_symbol": "€",
    "has_star": true,
    "has_vat": false,
    "price_theme": "white_red",
    "variants_have_different_prices": false,
    "base_price_text": "1 kg = 8.41",
    "base_price_prefix": false,
    "packaging_text": "700 g",
    "discount_deleted_price": 5.99,
    "discount_text": "CENEJE!",
    "discount_percentage": 1,
    "discount_has_star": false,
    "show_discount": true,
    "show_percentage": false,
    "from_recommended_price": false,
    "availability_indicator": 0,
    "online_available": false,
    "min_orderable_quantity": 1,
    "orderable_quantities": [],
    "badge_texts": [
      "V trgovini od 23.05."
    ],
    "badge_types": [
      "IN_STORE_FROM_DATE_PAST"
    ],
    "main_image": "https://imgproxy-retcat.assets.schwarz/bqFyFCxrzjMDd-tG-OtOCku-mVI8MCSiDd-6ROk6GsE/sm:1/w:427/h:320/cz/M6Ly9wcm9kLWNhd/GFsb2ctbWVkaWEvc2kvMS9FOTAyQzFBQTI5MDU5RDUyMzE5MDQwOTk/3M0I1RURGREU4Qzc0NzZCQTVBNTY2QUI5RTQzMjkwRDFCMENDMDNELmpwZw.jpg",
    "image_list": [
      "https://imgproxy-retcat.assets.schwarz/bqFyFCxrzjMDd-tG-OtOCku-mVI8MCSiDd-6ROk6GsE/sm:1/w:427/h:320/cz/M6Ly9wcm9kLWNhd/GFsb2ctbWVkaWEvc2kvMS9FOTAyQzFBQTI5MDU5RDUyMzE5MDQwOTk/3M0I1RURGREU4Qzc0NzZCQTVBNTY2QUI5RTQzMjkwRDFCMENDMDNELmpwZw.jpg"
    ],
    "image_accessibility": "Culinea: Zamrznjena, pečena piščančja prsa.",
    "detailed_images": [
      {
        "url": "https://imgproxy-retcat.assets.schwarz/bqFyFCxrzjMDd-tG-OtOCku-mVI8MCSiDd-6ROk6GsE/sm:1/w:427/h:320/cz/M6Ly9wcm9kLWNhd/GFsb2ctbWVkaWEvc2kvMS9FOTAyQzFBQTI5MDU5RDUyMzE5MDQwOTk/3M0I1RURGREU4Qzc0NzZCQTVBNTY2QUI5RTQzMjkwRDFCMENDMDNELmpwZw.jpg",
        "accessibility": "Culinea: Zamrznjena, pečena piščančja prsa."
      }
    ],
    "analytics_category": "Food",
    "more_details": "Dodatne podrobnosti o izdelku",
    "won_category_primary": "Svetovi potreb/Hrana in bližnja hrana/Klobase in meso",
    "won_category_primary_path": "0/17/1717",
    "canonical_path": "/p/culinea-piscancji-zrezki/p10079430",
    "canonical_url": "/p/culinea-piscancji-zrezki/p10079430",
    "awards": [],
    "seals": [
      {
        "altText": "Znak: Zamrznjeno",
        "image": "https://imgproxy-retcat.assets.schwarz/ayWyw20LfIYJzOhoc4KvR8G0z3S3CSGFD0vHUIK3dgY/sm:1/w:140/cz/M6Ly9wcm9kLWNhd/GFsb2ctbWVkaWEvc2kvMi81NkZCNjYzMzA5NkRFMERFNzUzNEI1ODY/xRDQ4Q0MxRTkxQkUzNUMxOTBGNTAyMURGMjJGODEyQzk0ODhCNTYwLnBuZw.png"
      }
    ],
    "ribbons": [],
    "highlighted_seals": 0,
    "lidl_plus": [],
    "regions": [],
    "ians": [
      "6401217"
    ],
    "show_brand": true,
    "deal_of_day_active": false,
    "full_title_meta": "CULINEA Piščančji zrezki",
    "lists": [
      1651
    ],
    "preview": false,
    "category_breadcrumbs": [
      {
        "id": "10068374",
        "name": "Hrana in pijača",
        "url": "/c/hrana-in-pijaca/s10068374",
        "hidden": false
      },
      {
        "id": "10071016",
        "name": "Meso in mesni izdelki",
        "url": "/h/meso-in-mesni-izdelki/h10071016",
        "hidden": false
      }
    ],
    "campaigns": [
      {
        "id": "Current_Sales_Week",
        "name": "Ta teden",
        "url": null,
        "hidden": false
      },
      {
        "id": "10025137",
        "name": "Znižano vsaj tri mesece",
        "url": "/c/znizano-vsaj-tri-mesece/a10025137",
        "hidden": false
      }
    ],
    "world_of_needs_code": "1717",
    "world_of_needs_name": "Klobase in meso",
    "world_of_needs_parent": "17",
    "is_main_category": true,
    "super_categories": [
      {
        "code": "17",
        "name": "Hrana in bližnja hrana",
        "parent": "0"
      },
      {
        "code": "0",
        "name": "Svetovi potreb",
        "parent": ""
      }
    ],
    "position": 502,
    "tracking_payload": {
      "searchTrackingMasterId": "Product.10079430",
      "searchTrackingTitle": "Pi%C5%A1%C4%8Dan%C4%8Dji+zrezki",
      "searchTrackingPageSize": 100,
      "searchTrackingPage": 6,
      "searchTrackingEvent": "click",
      "list": "search",
      "searchTrackingId": "Product.10079430",
      "searchTrackingOrigPos": 1,
      "searchTrackingPos": 502,
      "searchTrackingOrigPageSize": 100,
      "searchTrackingChannel": "SI",
      "category": "Food"
    }
  },
  {
    "code": "10075179",
    "name": "Sveža svinjska potrebušina",
    "url": "",
    "result_class": "product",
    "type": "product",
    "product_id": 10075179,
    "erp_number": "10075179",
    "item_id": 10075179,
    "full_title": "ŽAR LEGENDE Sveža svinjska potrebušina",
    "title": "Sveža svinjska potrebušina",
    "category": "Food",
    "product_type": "RETAIL",
    "age_restriction": false,
    "is_used_product": false,
    "multipack": false,
    "online": false,
    "store": true,
    "quick_add_to_cart": false,
    "flash_sales": false,
    "having_videos": false,
    "having_threesixty": false,
    "price": 3.99,
    "old_price": 0.0,
    "currency_code": "EUR",
    "currency_symbol": "€",
    "has_star": true,
    "has_vat": false,
    "price_theme": "white_red",
    "variants_have_different_prices": false,
    "base_price_text": "1 kg = 9.98",
    "base_price_prefix": false,
    "packaging_text": "400 g",
    "discount_deleted_price": null,
    "discount_text": null,
    "discount_percentage": null,
    "discount_has_star": null,
    "show_discount": null,
    "show_percentage": null,
    "from_recommended_price": null,
    "availability_indicator": 0,
    "online_available": false,
    "min_orderable_quantity": 1,
    "orderable_quantities": [],
    "badge_texts": [
      "V trgovini"
    ],
    "badge_types": [
      "IN_STORE"
    ],
    "main_image": "https://imgproxy-retcat.assets.schwarz/1pJUkbQ_qdlgxpHnVC-FeyDGhIw0DhpT1XvwZmCcSgk/sm:1/w:427/h:320/cz/M6Ly9wcm9kLWNhd/GFsb2ctbWVkaWEvaW50L0M5MEVCQTBDRDIzQTBEQjUxQUE4NDFCQk/RGMDgxOEM0RkM3RjkxRERFMERDREMyMEMzNTZFNURBOUNBM0M5MTEucG5n.png",
    "image_list": [
      "https://imgproxy-retcat.assets.schwarz/1pJUkbQ_qdlgxpHnVC-FeyDGhIw0DhpT1XvwZmCcSgk/sm:1/w:427/h:320/cz/M6Ly9wcm9kLWNhd/GFsb2ctbWVkaWEvaW50L0M5MEVCQTBDRDIzQTBEQjUxQUE4NDFCQk/RGMDgxOEM0RkM3RjkxRERFMERDREMyMEMzNTZFNURBOUNBM0M5MTEucG5n.png"
    ],
    "image_accessibility": "Marinirana svinjska trebušna slanina Žar Legende brez kože in kosti, pripravljena za žar.",
    "detailed_images": [
      {
        "url": "https://imgproxy-retcat.assets.schwarz/1pJUkbQ_qdlgxpHnVC-FeyDGhIw0DhpT1XvwZmCcSgk/sm:1/w:427/h:320/cz/M6Ly9wcm9kLWNhd/GFsb2ctbWVkaWEvaW50L0M5MEVCQTBDRDIzQTBEQjUxQUE4NDFCQk/RGMDgxOEM0RkM3RjkxRERFMERDREMyMEMzNTZFNURBOUNBM0M5MTEucG5n.png",
        "accessibility": "Marinirana svinjska trebušna slanina Žar Legende brez kože in kosti, pripravljena za žar."
      }
    ],
    "analytics_category": "Food",
    "more_details": "Dodatne podrobnosti o izdelku",
    "won_category_primary": "Svetovi potreb/Hrana in bližnja hrana/Klobase in meso",
    "won_category_primary_path": "0/17/1717",
    "canonical_path": "/p/zar-legende-sveza-svinjska-potrebusina/p10075179",
    "canonical_url": "/p/zar-legende-sveza-svinjska-potrebusina/p10075179",
    "awards": [],
    "seals": [
      {
        "altText": "Slovenski izdelek",
        "image": "https://imgproxy-retcat.assets.schwarz/065GlWscfuyzRNlqdEjgEaZNE6893872XSglFaanlJA/sm:1/w:140/cz/M6Ly9wcm9kLWNhd/GFsb2ctbWVkaWEvc2kvMi83RTk4NkYyRDk1MTlDRUJBNzA1N0JGMzA/1QjA1NjUyRjVCMjMzNzZGRjY4MzVEREFGQzIwQzE5NDVFQUE5M0RCLnBuZw.png"
      }
    ],
    "ribbons": [],
    "highlighted_seals": 0,
    "lidl_plus": [],
    "regions": [],
    "ians": [
      "7302271"
    ],
    "show_brand": true,
    "deal_of_day_active": false,
    "full_title_meta": "ŽAR LEGENDE Sveža svinjska potrebušina",
    "lists": [
      16
    ],
    "preview": false,
    "category_breadcrumbs": [
      {
        "id": "10068374",
        "name": "Hrana in pijača",
        "url": "/c/hrana-in-pijaca/s10068374",
        "hidden": false
      },
      {
        "id": "10071016",
        "name": "Meso in mesni izdelki",
        "url": "/h/meso-in-mesni-izdelki/h10071016",
        "hidden": false
      }
    ],
    "campaigns": [
      {
        "id": "10025136",
        "name": "Novo v ponudbi",
        "url": "/c/novo-v-ponudbi/a10025136",
        "hidden": false
      }
    ],
    "world_of_needs_code": "1717",
    "world_of_needs_name": "Klobase in meso",
    "world_of_needs_parent": "17",
    "is_main_category": true,
    "super_categories": [
      {
        "code": "17",
        "name": "Hrana in bližnja hrana",
        "parent": "0"
      },
      {
        "code": "0",
        "name": "Svetovi potreb",
        "parent": ""
      }
    ],
    "position": 503,
    "tracking_payload": {
      "searchTrackingMasterId": "Product.10075179",
      "searchTrackingTitle": "Sve%C5%BEa+svinjska+potrebu%C5%A1ina",
      "searchTrackingPageSize": 100,
      "searchTrackingPage": 6,
      "searchTrackingEvent": "click",
      "list": "search",
      "searchTrackingId": "Product.10075179",
      "searchTrackingOrigPos": 1,
      "searchTrackingPos": 503,
      "searchTrackingOrigPageSize": 100,
      "searchTrackingChannel": "SI",
      "category": "Food"
    }
  },
  {
    "code": "10075180",
    "name": "Sveža zavita žar klobasa",
    "url": "",
    "result_class": "product",
    "type": "product",
    "product_id": 10075180,
    "erp_number": "10075180",
    "item_id": 10075180,
    "full_title": "ŽAR LEGENDE Sveža zavita žar klobasa",
    "title": "Sveža zavita žar klobasa",
    "category": "Food",
    "product_type": "RETAIL",
    "age_restriction": false,
    "is_used_product": false,
    "multipack": false,
    "online": false,
    "store": true,
    "quick_add_to_cart": false,
    "flash_sales": false,
    "having_videos": false,
    "having_threesixty": false,
    "price": 3.99,
    "old_price": 0.0,
    "currency_code": "EUR",
    "currency_symbol": "€",
    "has_star": true,
    "has_vat": false,
    "price_theme": "white_red",
    "variants_have_different_prices": false,
    "base_price_text": "1 kg = 8.87",
    "base_price_prefix": false,
    "packaging_text": "450 g",
    "discount_deleted_price": null,
    "discount_text": null,
    "discount_percentage": null,
    "discount_has_star": null,
    "show_discount": null,
    "show_percentage": null,
    "from_recommended_price": null,
    "availability_indicator": 0,
    "online_available": false,
    "min_orderable_quantity": 1,
    "orderable_quantities": [],
    "badge_texts": [
      "V trgovini"
    ],
    "badge_types": [
      "IN_STORE"
    ],
    "main_image": "https://imgproxy-retcat.assets.schwarz/-xb_mxSJPwy4Si2h-dx-Kzo97QdjCwig_O1nliu3Ry4/sm:1/w:427/h:320/cz/M6Ly9wcm9kLWNhd/GFsb2ctbWVkaWEvaW50L0UwNkVEMkE5ODcwQjkyQ0Y3ODE1ODVEMT/lENzk1OEYyMThCRTU3RTZDRTJGQTk5MUYxOUExNUQyNUZFOEEwODEucG5n.png",
    "image_list": [
      "https://imgproxy-retcat.assets.schwarz/-xb_mxSJPwy4Si2h-dx-Kzo97QdjCwig_O1nliu3Ry4/sm:1/w:427/h:320/cz/M6Ly9wcm9kLWNhd/GFsb2ctbWVkaWEvaW50L0UwNkVEMkE5ODcwQjkyQ0Y3ODE1ODVEMT/lENzk1OEYyMThCRTU3RTZDRTJGQTk5MUYxOUExNUQyNUZFOEEwODEucG5n.png"
    ],
    "image_accessibility": "Závita Žár klobase znamke Žar Legende na žaru.",
    "detailed_images": [
      {
        "url": "https://imgproxy-retcat.assets.schwarz/-xb_mxSJPwy4Si2h-dx-Kzo97QdjCwig_O1nliu3Ry4/sm:1/w:427/h:320/cz/M6Ly9wcm9kLWNhd/GFsb2ctbWVkaWEvaW50L0UwNkVEMkE5ODcwQjkyQ0Y3ODE1ODVEMT/lENzk1OEYyMThCRTU3RTZDRTJGQTk5MUYxOUExNUQyNUZFOEEwODEucG5n.png",
        "accessibility": "Závita Žár klobase znamke Žar Legende na žaru."
      }
    ],
    "analytics_category": "Food",
    "more_details": "Dodatne podrobnosti o izdelku",
    "won_category_primary": "Svetovi potreb/Hrana in bližnja hrana/Klobase in meso",
    "won_category_primary_path": "0/17/1717",
    "canonical_path": "/p/zar-legende-sveza-zavita-zar-klobasa/p10075180",
    "canonical_url": "/p/zar-legende-sveza-zavita-zar-klobasa/p10075180",
    "awards": [],
    "seals": [
      {
        "altText": "Slovenski izdelek",
        "image": "https://imgproxy-retcat.assets.schwarz/065GlWscfuyzRNlqdEjgEaZNE6893872XSglFaanlJA/sm:1/w:140/cz/M6Ly9wcm9kLWNhd/GFsb2ctbWVkaWEvc2kvMi83RTk4NkYyRDk1MTlDRUJBNzA1N0JGMzA/1QjA1NjUyRjVCMjMzNzZGRjY4MzVEREFGQzIwQzE5NDVFQUE5M0RCLnBuZw.png"
      }
    ],
    "ribbons": [],
    "highlighted_seals": 0,
    "lidl_plus": [],
    "regions": [],
    "ians": [
      "7304843"
    ],
    "show_brand": true,
    "deal_of_day_active": false,
    "full_title_meta": "ŽAR LEGENDE Sveža zavita žar klobasa",
    "lists": [
      16
    ],
    "preview": false,
    "category_breadcrumbs": [
      {
        "id": "10068374",
        "name": "Hrana in pijača",
        "url": "/c/hrana-in-pijaca/s10068374",
        "hidden": false
      },
      {
        "id": "10071016",
        "name": "Meso in mesni izdelki",
        "url": "/h/meso-in-mesni-izdelki/h10071016",
        "hidden": false
      }
    ],
    "campaigns": [
      {
        "id": "10025136",
        "name": "Novo v ponudbi",
        "url": "/c/novo-v-ponudbi/a10025136",
        "hidden": false
      }
    ],
    "world_of_needs_code": "1717",
    "world_of_needs_name": "Klobase in meso",
    "world_of_needs_parent": "17",
    "is_main_category": true,
    "super_categories": [
      {
        "code": "17",
        "name": "Hrana in bližnja hrana",
        "parent": "0"
      },
      {
        "code": "0",
        "name": "Svetovi potreb",
        "parent": ""
      }
    ],
    "position": 504,
    "tracking_payload": {
      "searchTrackingMasterId": "Product.10075180",
      "searchTrackingTitle": "Sve%C5%BEa+zavita+%C5%BEar+klobasa",
      "searchTrackingPageSize": 100,
      "searchTrackingPage": 6,
      "searchTrackingEvent": "click",
      "list": "search",
      "searchTrackingId": "Product.10075180",
      "searchTrackingOrigPos": 1,
      "searchTrackingPos": 504,
      "searchTrackingOrigPageSize": 100,
      "searchTrackingChannel": "SI",
      "category": "Food"
    }
  },
  {
    "code": "10077194",
    "name": "Sveže stiskan sok",
    "url": "",
    "result_class": "product",
    "type": "product",
    "product_id": 10077194,
    "erp_number": "10077194",
    "item_id": 10077194,
    "full_title": "SOLEVITA Sveže stiskan sok",
    "title": "Sveže stiskan sok",
    "category": "Food",
    "product_type": "RETAIL",
    "age_restriction": false,
    "is_used_product": false,
    "multipack": false,
    "online": false,
    "store": true,
    "quick_add_to_cart": false,
    "flash_sales": false,
    "having_videos": false,
    "having_threesixty": false,
    "price": 2.79,
    "old_price": 0.0,
    "currency_code": "EUR",
    "currency_symbol": "€",
    "has_star": true,
    "has_vat": false,
    "price_theme": "white_red",
    "variants_have_different_prices": false,
    "base_price_text": null,
    "base_price_prefix": null,
    "packaging_text": "1 l",
    "discount_deleted_price": null,
    "discount_text": null,
    "discount_percentage": null,
    "discount_has_star": null,
    "show_discount": null,
    "show_percentage": null,
    "from_recommended_price": null,
    "availability_indicator": 0,
    "online_available": false,
    "min_orderable_quantity": 1,
    "orderable_quantities": [],
    "badge_texts": [
      "V trgovini"
    ],
    "badge_types": [
      "IN_STORE"
    ],
    "main_image": "https://imgproxy-retcat.assets.schwarz/Z2xRx4Y-RyQ70xojwrQE_uXHIiJsvqbOL6bWVUTrw2Q/sm:1/w:427/h:320/cz/M6Ly9wcm9kLWNhd/GFsb2ctbWVkaWEvaW50L0M3NzlDNTE0N0EwMjYxNjAwNjkzOERDME/RGMjIwNUMwNTNDMkVDMkU3MjhBM0UwRDhEREQwMDc3NTM1QURBNUYucG5n.png",
    "image_list": [
      "https://imgproxy-retcat.assets.schwarz/Z2xRx4Y-RyQ70xojwrQE_uXHIiJsvqbOL6bWVUTrw2Q/sm:1/w:427/h:320/cz/M6Ly9wcm9kLWNhd/GFsb2ctbWVkaWEvaW50L0M3NzlDNTE0N0EwMjYxNjAwNjkzOERDME/RGMjIwNUMwNTNDMkVDMkU3MjhBM0UwRDhEREQwMDc3NTM1QURBNUYucG5n.png",
      "https://imgproxy-retcat.assets.schwarz/YHPS_pUYS4ysKF1mR4_nfpiHfCUQ5zInObTj9kPGlB8/sm:1/w:427/h:320/cz/M6Ly9wcm9kLWNhd/GFsb2ctbWVkaWEvaW50L0MxMkRFNTRDQ0IxOUY2QTc4RkIwRUVBNk/ZDRERFQ0IzQjRBMUE3OTcwNjI0RDYzMEEwRUQ2QjQ5MjQyQjc5N0UucG5n.png"
    ],
    "image_accessibility": "Solevia Pink Summer: neposreden sok iz jabolka, ananasa in pomaranče.",
    "detailed_images": [
      {
        "url": "https://imgproxy-retcat.assets.schwarz/Z2xRx4Y-RyQ70xojwrQE_uXHIiJsvqbOL6bWVUTrw2Q/sm:1/w:427/h:320/cz/M6Ly9wcm9kLWNhd/GFsb2ctbWVkaWEvaW50L0M3NzlDNTE0N0EwMjYxNjAwNjkzOERDME/RGMjIwNUMwNTNDMkVDMkU3MjhBM0UwRDhEREQwMDc3NTM1QURBNUYucG5n.png",
        "accessibility": "Solevia Pink Summer: neposreden sok iz jabolka, ananasa in pomaranče."
      },
      {
        "url": "https://imgproxy-retcat.assets.schwarz/YHPS_pUYS4ysKF1mR4_nfpiHfCUQ5zInObTj9kPGlB8/sm:1/w:427/h:320/cz/M6Ly9wcm9kLWNhd/GFsb2ctbWVkaWEvaW50L0MxMkRFNTRDQ0IxOUY2QTc4RkIwRUVBNk/ZDRERFQ0IzQjRBMUE3OTcwNjI0RDYzMEEwRUQ2QjQ5MjQyQjc5N0UucG5n.png",
        "accessibility": "Solevia ananasov sok: 100% neposredni sok, veganski."
      }
    ],
    "analytics_category": "Food",
    "more_details": "Dodatne podrobnosti o izdelku",
    "won_category_primary": "Svetovi potreb/Hrana in bližnja hrana/Sadje in zelenjava",
    "won_category_primary_path": "0/17/1710",
    "canonical_path": "/p/solevita-sveze-stiskan-sok/p10077194",
    "canonical_url": "/p/solevita-sveze-stiskan-sok/p10077194",
    "awards": [],
    "seals": [
      {
        "altText": "Veganski certifikat V-Label International",
        "image": "https://imgproxy-retcat.assets.schwarz/DMlGWAmsoWdVtAV0sxUiiXBfaYpIEPgxqYG2PwNhb_U/sm:1/w:140/cz/M6Ly9wcm9kLWNhd/GFsb2ctbWVkaWEvc2kvMi82RjZFMUM5MzcyMTc5OENFQUU5Nzk3QkJ/DMTRBNjU2QzVCNzA3QjlBRTE2RDI0QjYwNTk0OUFGMUMyOTJDRTQyLnBuZw.png"
      },
      {
        "altText": "Nalepka: Hlajeno",
        "image": "https://imgproxy-retcat.assets.schwarz/7x3Iby7aD19hFySDnP2YoXt7E1r0JrvJVj0QO1gUOes/sm:1/w:140/cz/M6Ly9wcm9kLWNhd/GFsb2ctbWVkaWEvc2kvMi8xMzFBN0E2RDlCREZGREQxOEE2OTFDNEZ/FNDE5RTM0QUMxQjY4OEQ0OUY2QTAxMTRDRjQ1RjdCNTNDRjM2NUJBLnBuZw.png"
      }
    ],
    "ribbons": [],
    "highlighted_seals": 0,
    "lidl_plus": [],
    "regions": [],
    "ians": [
      "138192"
    ],
    "show_brand": true,
    "deal_of_day_active": false,
    "full_title_meta": "SOLEVITA Sveže stiskan sok",
    "lists": [
      16
    ],
    "preview": false,
    "category_breadcrumbs": [
      {
        "id": "10068374",
        "name": "Hrana in pijača",
        "url": "/c/hrana-in-pijaca/s10068374",
        "hidden": false
      },
      {
        "id": "10071012",
        "name": "Sadje in zelenjava",
        "url": "/h/sadje-in-zelenjava/h10071012",
        "hidden": false
      }
    ],
    "campaigns": [
      {
        "id": "10025136",
        "name": "Novo v ponudbi",
        "url": "/c/novo-v-ponudbi/a10025136",
        "hidden": false
      }
    ],
    "world_of_needs_code": "1710",
    "world_of_needs_name": "Sadje in zelenjava",
    "world_of_needs_parent": "17",
    "is_main_category": true,
    "super_categories": [
      {
        "code": "17",
        "name": "Hrana in bližnja hrana",
        "parent": "0"
      },
      {
        "code": "0",
        "name": "Svetovi potreb",
        "parent": ""
      }
    ],
    "position": 505,
    "tracking_payload": {
      "searchTrackingMasterId": "Product.10077194",
      "searchTrackingTitle": "Sve%C5%BEe+stiskan+sok",
      "searchTrackingPageSize": 100,
      "searchTrackingPage": 6,
      "searchTrackingEvent": "click",
      "list": "search",
      "searchTrackingId": "Product.10077194",
      "searchTrackingOrigPos": 1,
      "searchTrackingPos": 505,
      "searchTrackingOrigPageSize": 100,
      "searchTrackingChannel": "SI",
      "category": "Food"
    }
  },
  {
    "code": "10077195",
    "name": "Proteinski muesli",
    "url": "",
    "result_class": "product",
    "type": "product",
    "product_id": 10077195,
    "erp_number": "10077195",
    "item_id": 10077195,
    "full_title": "CROWNFIELD Proteinski muesli",
    "title": "Proteinski muesli",
    "category": "Food",
    "product_type": "RETAIL",
    "age_restriction": false,
    "is_used_product": false,
    "multipack": false,
    "online": false,
    "store": true,
    "quick_add_to_cart": false,
    "flash_sales": false,
    "having_videos": false,
    "having_threesixty": false,
    "price": 3.29,
    "old_price": 0.0,
    "currency_code": "EUR",
    "currency_symbol": "€",
    "has_star": true,
    "has_vat": false,
    "price_theme": "white_red",
    "variants_have_different_prices": false,
    "base_price_text": "1 kg = 6.58",
    "base_price_prefix": false,
    "packaging_text": "500 g",
    "discount_deleted_price": null,
    "discount_text": null,
    "discount_percentage": null,
    "discount_has_star": null,
    "show_discount": null,
    "show_percentage": null,
    "from_recommended_price": null,
    "availability_indicator": 0,
    "online_available": false,
    "min_orderable_quantity": 1,
    "orderable_quantities": [],
    "badge_texts": [
      "V trgovini"
    ],
    "badge_types": [
      "IN_STORE"
    ],
    "main_image": "https://imgproxy-retcat.assets.schwarz/U6v32Dd7BqJjKEgw7RI7jqjK2X5pADZ2UfQMYxxap7I/sm:1/w:427/h:320/cz/M6Ly9wcm9kLWNhd/GFsb2ctbWVkaWEvaW50LzFCQzRDNjExMjc3NzE0QzI5NzA2MENEOD/BGQjMzNzgzMzE3NkU2OTMyOEM0MzI1NzhBREREQUQ5RjBGNzVENDMucG5n.png",
    "image_list": [
      "https://imgproxy-retcat.assets.schwarz/U6v32Dd7BqJjKEgw7RI7jqjK2X5pADZ2UfQMYxxap7I/sm:1/w:427/h:320/cz/M6Ly9wcm9kLWNhd/GFsb2ctbWVkaWEvaW50LzFCQzRDNjExMjc3NzE0QzI5NzA2MENEOD/BGQjMzNzgzMzE3NkU2OTMyOEM0MzI1NzhBREREQUQ5RjBGNzVENDMucG5n.png",
      "https://imgproxy-retcat.assets.schwarz/4XI8PrmJEnEdwfvZ4CQJnJNeZ3F4rW1GI-n_zf4qeks/sm:1/w:427/h:320/cz/M6Ly9wcm9kLWNhd/GFsb2ctbWVkaWEvaW50L0FERTMwRjVFOTUxM0JGNjU5MzAwMjdDOD/A3NUMyQTEwREU1MTk5QUJFOTVCQTlFOEMwN0RBNzc0NzdENkJDNEYucG5n.png"
    ],
    "image_accessibility": "Crownfield visokoproteinska hrustljava müsli z granolo in praženimi arašidi.",
    "detailed_images": [
      {
        "url": "https://imgproxy-retcat.assets.schwarz/U6v32Dd7BqJjKEgw7RI7jqjK2X5pADZ2UfQMYxxap7I/sm:1/w:427/h:320/cz/M6Ly9wcm9kLWNhd/GFsb2ctbWVkaWEvaW50LzFCQzRDNjExMjc3NzE0QzI5NzA2MENEOD/BGQjMzNzgzMzE3NkU2OTMyOEM0MzI1NzhBREREQUQ5RjBGNzVENDMucG5n.png",
        "accessibility": "Crownfield visokoproteinska hrustljava müsli z granolo in praženimi arašidi."
      },
      {
        "url": "https://imgproxy-retcat.assets.schwarz/4XI8PrmJEnEdwfvZ4CQJnJNeZ3F4rW1GI-n_zf4qeks/sm:1/w:427/h:320/cz/M6Ly9wcm9kLWNhd/GFsb2ctbWVkaWEvaW50L0FERTMwRjVFOTUxM0JGNjU5MzAwMjdDOD/A3NUMyQTEwREU1MTk5QUJFOTVCQTlFOEMwN0RBNzc0NzdENkJDNEYucG5n.png",
        "accessibility": "Crownfield müsli z visoko vsebnostjo beljakovin, z granolo, čokolado in bučnimi semeni."
      }
    ],
    "analytics_category": "Food",
    "more_details": "Dodatne podrobnosti o izdelku",
    "won_category_primary": "Svetovi potreb/Hrana in bližnja hrana/Džem, marmelada in med",
    "won_category_primary_path": "0/17/1712",
    "canonical_path": "/p/crownfield-proteinski-muesli/p10077195",
    "canonical_url": "/p/crownfield-proteinski-muesli/p10077195",
    "awards": [],
    "seals": [],
    "ribbons": [],
    "highlighted_seals": 0,
    "lidl_plus": [],
    "regions": [],
    "ians": [
      "198624"
    ],
    "show_brand": true,
    "deal_of_day_active": false,
    "full_title_meta": "CROWNFIELD Proteinski muesli",
    "lists": [
      16
    ],
    "preview": false,
    "category_breadcrumbs": [
      {
        "id": "10068374",
        "name": "Hrana in pijača",
        "url": "/c/hrana-in-pijaca/s10068374",
        "hidden": false
      },
      {
        "id": "10071684",
        "name": "Džemi in namazi",
        "url": "/h/dzemi-in-namazi/h10071684",
        "hidden": false
      }
    ],
    "campaigns": [
      {
        "id": "10025136",
        "name": "Novo v ponudbi",
        "url": "/c/novo-v-ponudbi/a10025136",
        "hidden": false
      }
    ],
    "world_of_needs_code": "1712",
    "world_of_needs_name": "Džem, marmelada in med",
    "world_of_needs_parent": "17",
    "is_main_category": true,
    "super_categories": [
      {
        "code": "17",
        "name": "Hrana in bližnja hrana",
        "parent": "0"
      },
      {
        "code": "0",
        "name": "Svetovi potreb",
        "parent": ""
      }
    ],
    "position": 506,
    "tracking_payload": {
      "searchTrackingMasterId": "Product.10077195",
      "searchTrackingTitle": "Proteinski+muesli",
      "searchTrackingPageSize": 100,
      "searchTrackingPage": 6,
      "searchTrackingEvent": "click",
      "list": "search",
      "searchTrackingId": "Product.10077195",
      "searchTrackingOrigPos": 1,
      "searchTrackingPos": 506,
      "searchTrackingOrigPageSize": 100,
      "searchTrackingChannel": "SI",
      "category": "Food"
    }
  },
  {
    "code": "10077196",
    "name": "Sok iz rdečega sadja",
    "url": "",
    "result_class": "product",
    "type": "product",
    "product_id": 10077196,
    "erp_number": "10077196",
    "item_id": 10077196,
    "full_title": "SOLEVITA Sok iz rdečega sadja",
    "title": "Sok iz rdečega sadja",
    "category": "Food",
    "product_type": "RETAIL",
    "age_restriction": false,
    "is_used_product": false,
    "multipack": false,
    "online": false,
    "store": true,
    "quick_add_to_cart": false,
    "flash_sales": false,
    "having_videos": false,
    "having_threesixty": false,
    "price": 1.99,
    "old_price": 0.0,
    "currency_code": "EUR",
    "currency_symbol": "€",
    "has_star": true,
    "has_vat": false,
    "price_theme": "white_red",
    "variants_have_different_prices": false,
    "base_price_text": "1 l = 2.65",
    "base_price_prefix": false,
    "packaging_text": "750 ml",
    "discount_deleted_price": null,
    "discount_text": null,
    "discount_percentage": null,
    "discount_has_star": null,
    "show_discount": null,
    "show_percentage": null,
    "from_recommended_price": null,
    "availability_indicator": 0,
    "online_available": false,
    "min_orderable_quantity": 1,
    "orderable_quantities": [],
    "badge_texts": [
      "V trgovini"
    ],
    "badge_types": [
      "IN_STORE"
    ],
    "main_image": "https://imgproxy-retcat.assets.schwarz/iYHDt5FuqrwUBgJD6396PeMnd924xS0hq3lU8Rg6Fwk/sm:1/w:427/h:320/cz/M6Ly9wcm9kLWNhd/GFsb2ctbWVkaWEvaW50LzQ0NkE4NEY0OThENkMyMjYyNzc4MDcyND/c3M0U1N0NEMDc1NUJEN0Q5NTk3NDBBRjAzNEMzQTE4MkRENTAxQUQucG5n.png",
    "image_list": [
      "https://imgproxy-retcat.assets.schwarz/iYHDt5FuqrwUBgJD6396PeMnd924xS0hq3lU8Rg6Fwk/sm:1/w:427/h:320/cz/M6Ly9wcm9kLWNhd/GFsb2ctbWVkaWEvaW50LzQ0NkE4NEY0OThENkMyMjYyNzc4MDcyND/c3M0U1N0NEMDc1NUJEN0Q5NTk3NDBBRjAzNEMzQTE4MkRENTAxQUQucG5n.png"
    ],
    "image_accessibility": "Solevita sok iz jagodičevja in granatnega jabolka.",
    "detailed_images": [
      {
        "url": "https://imgproxy-retcat.assets.schwarz/iYHDt5FuqrwUBgJD6396PeMnd924xS0hq3lU8Rg6Fwk/sm:1/w:427/h:320/cz/M6Ly9wcm9kLWNhd/GFsb2ctbWVkaWEvaW50LzQ0NkE4NEY0OThENkMyMjYyNzc4MDcyND/c3M0U1N0NEMDc1NUJEN0Q5NTk3NDBBRjAzNEMzQTE4MkRENTAxQUQucG5n.png",
        "accessibility": "Solevita sok iz jagodičevja in granatnega jabolka."
      }
    ],
    "analytics_category": "Food",
    "more_details": "Dodatne podrobnosti o izdelku",
    "won_category_primary": "Svetovi potreb/Hrana in bližnja hrana/Pijače",
    "won_category_primary_path": "0/17/1720",
    "canonical_path": "/p/solevita-sok-iz-rdecega-sadja/p10077196",
    "canonical_url": "/p/solevita-sok-iz-rdecega-sadja/p10077196",
    "awards": [],
    "seals": [
      {
        "altText": "Nalepka: Hlajeno",
        "image": "https://imgproxy-retcat.assets.schwarz/7x3Iby7aD19hFySDnP2YoXt7E1r0JrvJVj0QO1gUOes/sm:1/w:140/cz/M6Ly9wcm9kLWNhd/GFsb2ctbWVkaWEvc2kvMi8xMzFBN0E2RDlCREZGREQxOEE2OTFDNEZ/FNDE5RTM0QUMxQjY4OEQ0OUY2QTAxMTRDRjQ1RjdCNTNDRjM2NUJBLnBuZw.png"
      }
    ],
    "ribbons": [],
    "highlighted_seals": 0,
    "lidl_plus": [],
    "regions": [],
    "ians": [
      "5704134"
    ],
    "show_brand": true,
    "deal_of_day_active": false,
    "full_title_meta": "SOLEVITA Sok iz rdečega sadja",
    "lists": [
      16
    ],
    "preview": false,
    "category_breadcrumbs": [
      {
        "id": "10068374",
        "name": "Hrana in pijača",
        "url": "/c/hrana-in-pijaca/s10068374",
        "hidden": false
      },
      {
        "id": "10071022",
        "name": "Pijače",
        "url": "/h/pijace/h10071022",
        "hidden": false
      }
    ],
    "campaigns": [
      {
        "id": "10025136",
        "name": "Novo v ponudbi",
        "url": "/c/novo-v-ponudbi/a10025136",
        "hidden": false
      }
    ],
    "world_of_needs_code": "1720",
    "world_of_needs_name": "Pijače",
    "world_of_needs_parent": "17",
    "is_main_category": true,
    "super_categories": [
      {
        "code": "17",
        "name": "Hrana in bližnja hrana",
        "parent": "0"
      },
      {
        "code": "0",
        "name": "Svetovi potreb",
        "parent": ""
      }
    ],
    "position": 507,
    "tracking_payload": {
      "searchTrackingMasterId": "Product.10077196",
      "searchTrackingTitle": "Sok+iz+rde%C4%8Dega+sadja",
      "searchTrackingPageSize": 100,
      "searchTrackingPage": 6,
      "searchTrackingEvent": "click",
      "list": "search",
      "searchTrackingId": "Product.10077196",
      "searchTrackingOrigPos": 1,
      "searchTrackingPos": 507,
      "searchTrackingOrigPageSize": 100,
      "searchTrackingChannel": "SI",
      "category": "Food"
    }
  },
  {
    "code": "10077197",
    "name": "Napitek",
    "url": "",
    "result_class": "product",
    "type": "product",
    "product_id": 10077197,
    "erp_number": "10077197",
    "item_id": 10077197,
    "full_title": "SOLEVITA Napitek",
    "title": "Napitek",
    "category": "Food",
    "product_type": "RETAIL",
    "age_restriction": false,
    "is_used_product": false,
    "multipack": false,
    "online": false,
    "store": true,
    "quick_add_to_cart": false,
    "flash_sales": false,
    "having_videos": false,
    "having_threesixty": false,
    "price": 1.39,
    "old_price": 0.0,
    "currency_code": "EUR",
    "currency_symbol": "€",
    "has_star": true,
    "has_vat": false,
    "price_theme": "white_red",
    "variants_have_different_prices": false,
    "base_price_text": "1 l = 4.21",
    "base_price_prefix": false,
    "packaging_text": "330 ml",
    "discount_deleted_price": null,
    "discount_text": null,
    "discount_percentage": null,
    "discount_has_star": null,
    "show_discount": null,
    "show_percentage": null,
    "from_recommended_price": null,
    "availability_indicator": 0,
    "online_available": false,
    "min_orderable_quantity": 1,
    "orderable_quantities": [],
    "badge_texts": [
      "V trgovini"
    ],
    "badge_types": [
      "IN_STORE"
    ],
    "main_image": "https://imgproxy-retcat.assets.schwarz/IFZ45qu503EXl56Szv1GSVMsxo8cTbSdyf3Ly6A2jMo/sm:1/w:427/h:320/cz/M6Ly9wcm9kLWNhd/GFsb2ctbWVkaWEvaW50L0VGMUM0NzAxRUE5RDA5NDU0OEYyQzVBRE/YwREM0QjNDQUNCMEYyQ0Y3OTFENjUwMzMyNkY5MzA3QUIyQzg4REYucG5n.png",
    "image_list": [
      "https://imgproxy-retcat.assets.schwarz/IFZ45qu503EXl56Szv1GSVMsxo8cTbSdyf3Ly6A2jMo/sm:1/w:427/h:320/cz/M6Ly9wcm9kLWNhd/GFsb2ctbWVkaWEvaW50L0VGMUM0NzAxRUE5RDA5NDU0OEYyQzVBRE/YwREM0QjNDQUNCMEYyQ0Y3OTFENjUwMzMyNkY5MzA3QUIyQzg4REYucG5n.png",
      "https://imgproxy-retcat.assets.schwarz/YR9JNPzlHFTrjRIdv7J0JpuMn88jMsZtfd5OM0Di4-w/sm:1/w:427/h:320/cz/M6Ly9wcm9kLWNhd/GFsb2ctbWVkaWEvaW50L0FCN0Y0MTEzMkNDRjNCMTQwMTc0MTU3MD/kwNkJENDkzOEQzRENCNzk0QUUxQThCOUFBRjcxRjgyQUU2N0QyQkMucG5n.png"
    ],
    "image_accessibility": "Solevita Vital sok: pomaranča, grozdje, mango in magnezij.",
    "detailed_images": [
      {
        "url": "https://imgproxy-retcat.assets.schwarz/IFZ45qu503EXl56Szv1GSVMsxo8cTbSdyf3Ly6A2jMo/sm:1/w:427/h:320/cz/M6Ly9wcm9kLWNhd/GFsb2ctbWVkaWEvaW50L0VGMUM0NzAxRUE5RDA5NDU0OEYyQzVBRE/YwREM0QjNDQUNCMEYyQ0Y3OTFENjUwMzMyNkY5MzA3QUIyQzg4REYucG5n.png",
        "accessibility": "Solevita Vital sok: pomaranča, grozdje, mango in magnezij."
      },
      {
        "url": "https://imgproxy-retcat.assets.schwarz/YR9JNPzlHFTrjRIdv7J0JpuMn88jMsZtfd5OM0Di4-w/sm:1/w:427/h:320/cz/M6Ly9wcm9kLWNhd/GFsb2ctbWVkaWEvaW50L0FCN0Y0MTEzMkNDRjNCMTQwMTc0MTU3MD/kwNkJENDkzOEQzRENCNzk0QUUxQThCOUFBRjcxRjgyQUU2N0QyQkMucG5n.png",
        "accessibility": "Solevita Refresh: sok iz grozdja, ingverja, limete in artičoke."
      }
    ],
    "analytics_category": "Food",
    "more_details": "Dodatne podrobnosti o izdelku",
    "won_category_primary": "Svetovi potreb/Hrana in bližnja hrana/Pijače",
    "won_category_primary_path": "0/17/1720",
    "canonical_path": "/p/solevita-napitek/p10077197",
    "canonical_url": "/p/solevita-napitek/p10077197",
    "awards": [],
    "seals": [
      {
        "altText": "Nalepka: Hlajeno",
        "image": "https://imgproxy-retcat.assets.schwarz/7x3Iby7aD19hFySDnP2YoXt7E1r0JrvJVj0QO1gUOes/sm:1/w:140/cz/M6Ly9wcm9kLWNhd/GFsb2ctbWVkaWEvc2kvMi8xMzFBN0E2RDlCREZGREQxOEE2OTFDNEZ/FNDE5RTM0QUMxQjY4OEQ0OUY2QTAxMTRDRjQ1RjdCNTNDRjM2NUJBLnBuZw.png"
      }
    ],
    "ribbons": [],
    "highlighted_seals": 0,
    "lidl_plus": [],
    "regions": [],
    "ians": [
      "5704814"
    ],
    "show_brand": true,
    "deal_of_day_active": false,
    "full_title_meta": "SOLEVITA Napitek",
    "lists": [
      16
    ],
    "preview": false,
    "category_breadcrumbs": [
      {
        "id": "10068374",
        "name": "Hrana in pijača",
        "url": "/c/hrana-in-pijaca/s10068374",
        "hidden": false
      },
      {
        "id": "10071022",
        "name": "Pijače",
        "url": "/h/pijace/h10071022",
        "hidden": false
      }
    ],
    "campaigns": [
      {
        "id": "10025136",
        "name": "Novo v ponudbi",
        "url": "/c/novo-v-ponudbi/a10025136",
        "hidden": false
      }
    ],
    "world_of_needs_code": "1720",
    "world_of_needs_name": "Pijače",
    "world_of_needs_parent": "17",
    "is_main_category": true,
    "super_categories": [
      {
        "code": "17",
        "name": "Hrana in bližnja hrana",
        "parent": "0"
      },
      {
        "code": "0",
        "name": "Svetovi potreb",
        "parent": ""
      }
    ],
    "position": 508,
    "tracking_payload": {
      "searchTrackingMasterId": "Product.10077197",
      "searchTrackingTitle": "Napitek",
      "searchTrackingPageSize": 100,
      "searchTrackingPage": 6,
      "searchTrackingEvent": "click",
      "list": "search",
      "searchTrackingId": "Product.10077197",
      "searchTrackingOrigPos": 1,
      "searchTrackingPos": 508,
      "searchTrackingOrigPageSize": 100,
      "searchTrackingChannel": "SI",
      "category": "Food"
    }
  },
  {
    "code": "10077198",
    "name": "Kakavova rezina",
    "url": "",
    "result_class": "product",
    "type": "product",
    "product_id": 10077198,
    "erp_number": "10077198",
    "item_id": 10077198,
    "full_title": "MILBONA Kakavova rezina",
    "title": "Kakavova rezina",
    "category": "Food",
    "product_type": "RETAIL",
    "age_restriction": false,
    "is_used_product": false,
    "multipack": false,
    "online": false,
    "store": true,
    "quick_add_to_cart": false,
    "flash_sales": false,
    "having_videos": false,
    "having_threesixty": false,
    "price": 1.49,
    "old_price": 0.0,
    "currency_code": "EUR",
    "currency_symbol": "€",
    "has_star": true,
    "has_vat": false,
    "price_theme": "white_red",
    "variants_have_different_prices": false,
    "base_price_text": "1 kg = 8.28",
    "base_price_prefix": false,
    "packaging_text": "6x30 g",
    "discount_deleted_price": null,
    "discount_text": null,
    "discount_percentage": null,
    "discount_has_star": null,
    "show_discount": null,
    "show_percentage": null,
    "from_recommended_price": null,
    "availability_indicator": 0,
    "online_available": false,
    "min_orderable_quantity": 1,
    "orderable_quantities": [],
    "badge_texts": [
      "V trgovini"
    ],
    "badge_types": [
      "IN_STORE"
    ],
    "main_image": "https://imgproxy-retcat.assets.schwarz/VcK61vLtbrwYghIABFxv-qAcG7iO3Y0PTJE6SdGmrK8/sm:1/w:427/h:320/cz/M6Ly9wcm9kLWNhd/GFsb2ctbWVkaWEvaW50L0ZBNDEzRjFCQTg0NDIyNTAxQzdDQTkwQj/M1M0I0RTdBOEYwOEFBRkIxNTA2NDdBNzJGMzkxQjdBQ0QxMUI5NEUucG5n.png",
    "image_list": [
      "https://imgproxy-retcat.assets.schwarz/VcK61vLtbrwYghIABFxv-qAcG7iO3Y0PTJE6SdGmrK8/sm:1/w:427/h:320/cz/M6Ly9wcm9kLWNhd/GFsb2ctbWVkaWEvaW50L0ZBNDEzRjFCQTg0NDIyNTAxQzdDQTkwQj/M1M0I0RTdBOEYwOEFBRkIxNTA2NDdBNzJGMzkxQjdBQ0QxMUI5NEUucG5n.png"
    ],
    "image_accessibility": "Milbona Cool Snack: čokoladni batoni z marshmallow nadevom.",
    "detailed_images": [
      {
        "url": "https://imgproxy-retcat.assets.schwarz/VcK61vLtbrwYghIABFxv-qAcG7iO3Y0PTJE6SdGmrK8/sm:1/w:427/h:320/cz/M6Ly9wcm9kLWNhd/GFsb2ctbWVkaWEvaW50L0ZBNDEzRjFCQTg0NDIyNTAxQzdDQTkwQj/M1M0I0RTdBOEYwOEFBRkIxNTA2NDdBNzJGMzkxQjdBQ0QxMUI5NEUucG5n.png",
        "accessibility": "Milbona Cool Snack: čokoladni batoni z marshmallow nadevom."
      }
    ],
    "analytics_category": "Food",
    "more_details": "Dodatne podrobnosti o izdelku",
    "won_category_primary": "Svetovi potreb/Hrana in bližnja hrana/Prigrizki in slaščice",
    "won_category_primary_path": "0/17/1721",
    "canonical_path": "/p/milbona-kakavova-rezina/p10077198",
    "canonical_url": "/p/milbona-kakavova-rezina/p10077198",
    "awards": [],
    "seals": [
      {
        "altText": "Žig Rainforest Alliance: Ljudje & Narava",
        "image": "https://imgproxy-retcat.assets.schwarz/lbMCis-jGZQNzMXk3WVad3uyJkZ4j8S3P-DyZdCd0KE/sm:1/w:140/cz/M6Ly9wcm9kLWNhd/GFsb2ctbWVkaWEvc2kvMi9FNjBFQjg3QzI4NzMzREE2NTY4NzA1OUN/EMUZDNkVCNUEwMkQxODZDNkQ0MUNFMjVDREJCMjdGNThDRDhGNEJBLnBuZw.png"
      },
      {
        "altText": "Nalepka: Hlajeno",
        "image": "https://imgproxy-retcat.assets.schwarz/7x3Iby7aD19hFySDnP2YoXt7E1r0JrvJVj0QO1gUOes/sm:1/w:140/cz/M6Ly9wcm9kLWNhd/GFsb2ctbWVkaWEvc2kvMi8xMzFBN0E2RDlCREZGREQxOEE2OTFDNEZ/FNDE5RTM0QUMxQjY4OEQ0OUY2QTAxMTRDRjQ1RjdCNTNDRjM2NUJBLnBuZw.png"
      }
    ],
    "ribbons": [],
    "highlighted_seals": 0,
    "lidl_plus": [],
    "regions": [],
    "ians": [
      "6009230"
    ],
    "show_brand": true,
    "deal_of_day_active": false,
    "full_title_meta": "MILBONA Kakavova rezina",
    "lists": [
      16
    ],
    "preview": false,
    "category_breadcrumbs": [
      {
        "id": "10068374",
        "name": "Hrana in pijača",
        "url": "/c/hrana-in-pijaca/s10068374",
        "hidden": false
      },
      {
        "id": "10071044",
        "name": "Prigrizki in sladkarije",
        "url": "/h/prigrizki-in-sladkarije/h10071044",
        "hidden": false
      }
    ],
    "campaigns": [
      {
        "id": "10025136",
        "name": "Novo v ponudbi",
        "url": "/c/novo-v-ponudbi/a10025136",
        "hidden": false
      }
    ],
    "world_of_needs_code": "1721",
    "world_of_needs_name": "Prigrizki in slaščice",
    "world_of_needs_parent": "17",
    "is_main_category": true,
    "super_categories": [
      {
        "code": "17",
        "name": "Hrana in bližnja hrana",
        "parent": "0"
      },
      {
        "code": "0",
        "name": "Svetovi potreb",
        "parent": ""
      }
    ],
    "position": 509,
    "tracking_payload": {
      "searchTrackingMasterId": "Product.10077198",
      "searchTrackingTitle": "Kakavova+rezina",
      "searchTrackingPageSize": 100,
      "searchTrackingPage": 6,
      "searchTrackingEvent": "click",
      "list": "search",
      "searchTrackingId": "Product.10077198",
      "searchTrackingOrigPos": 1,
      "searchTrackingPos": 509,
      "searchTrackingOrigPageSize": 100,
      "searchTrackingChannel": "SI",
      "category": "Food"
    }
  },
  {
    "code": "10077199",
    "name": "Sveži svinjski steaki",
    "url": "",
    "result_class": "product",
    "type": "product",
    "product_id": 10077199,
    "erp_number": "10077199",
    "item_id": 10077199,
    "full_title": "ŽAR LEGENDE Sveži svinjski steaki",
    "title": "Sveži svinjski steaki",
    "category": "Food",
    "product_type": "RETAIL",
    "age_restriction": false,
    "is_used_product": false,
    "multipack": false,
    "online": false,
    "store": true,
    "quick_add_to_cart": false,
    "flash_sales": false,
    "having_videos": false,
    "having_threesixty": false,
    "price": 3.29,
    "old_price": 0.0,
    "currency_code": "EUR",
    "currency_symbol": "€",
    "has_star": true,
    "has_vat": false,
    "price_theme": "white_red",
    "variants_have_different_prices": false,
    "base_price_text": "1 kg = 9.40",
    "base_price_prefix": false,
    "packaging_text": "350 g",
    "discount_deleted_price": null,
    "discount_text": null,
    "discount_percentage": null,
    "discount_has_star": null,
    "show_discount": null,
    "show_percentage": null,
    "from_recommended_price": null,
    "availability_indicator": 0,
    "online_available": false,
    "min_orderable_quantity": 1,
    "orderable_quantities": [],
    "badge_texts": [
      "V trgovini"
    ],
    "badge_types": [
      "IN_STORE"
    ],
    "main_image": "https://imgproxy-retcat.assets.schwarz/NA3w-7FNmA57egAm9ARHYidzSWFDB9gf4sgK5LsWZzg/sm:1/w:427/h:320/cz/M6Ly9wcm9kLWNhd/GFsb2ctbWVkaWEvaW50LzFBQ0JCRjlFOEZCMUE1RUFEQzlFNzVFMD/Q2REVENDA1Nzg4NDMxNUVDMzAyQkQ0MjVCMjA3NDlGRjYwMUM0NzUucG5n.png",
    "image_list": [
      "https://imgproxy-retcat.assets.schwarz/NA3w-7FNmA57egAm9ARHYidzSWFDB9gf4sgK5LsWZzg/sm:1/w:427/h:320/cz/M6Ly9wcm9kLWNhd/GFsb2ctbWVkaWEvaW50LzFBQ0JCRjlFOEZCMUE1RUFEQzlFNzVFMD/Q2REVENDA1Nzg4NDMxNUVDMzAyQkQ0MjVCMjA3NDlGRjYwMUM0NzUucG5n.png"
    ],
    "image_accessibility": "Marinirani svinjski zrezki Žar Legende v plastični posodi.",
    "detailed_images": [
      {
        "url": "https://imgproxy-retcat.assets.schwarz/NA3w-7FNmA57egAm9ARHYidzSWFDB9gf4sgK5LsWZzg/sm:1/w:427/h:320/cz/M6Ly9wcm9kLWNhd/GFsb2ctbWVkaWEvaW50LzFBQ0JCRjlFOEZCMUE1RUFEQzlFNzVFMD/Q2REVENDA1Nzg4NDMxNUVDMzAyQkQ0MjVCMjA3NDlGRjYwMUM0NzUucG5n.png",
        "accessibility": "Marinirani svinjski zrezki Žar Legende v plastični posodi."
      }
    ],
    "analytics_category": "Food",
    "more_details": "Dodatne podrobnosti o izdelku",
    "won_category_primary": "Svetovi potreb/Hrana in bližnja hrana/Klobase in meso",
    "won_category_primary_path": "0/17/1717",
    "canonical_path": "/p/zar-legende-svezi-svinjski-steaki/p10077199",
    "canonical_url": "/p/zar-legende-svezi-svinjski-steaki/p10077199",
    "awards": [],
    "seals": [
      {
        "altText": "Slovenski izdelek",
        "image": "https://imgproxy-retcat.assets.schwarz/065GlWscfuyzRNlqdEjgEaZNE6893872XSglFaanlJA/sm:1/w:140/cz/M6Ly9wcm9kLWNhd/GFsb2ctbWVkaWEvc2kvMi83RTk4NkYyRDk1MTlDRUJBNzA1N0JGMzA/1QjA1NjUyRjVCMjMzNzZGRjY4MzVEREFGQzIwQzE5NDVFQUE5M0RCLnBuZw.png"
      }
    ],
    "ribbons": [],
    "highlighted_seals": 0,
    "lidl_plus": [],
    "regions": [],
    "ians": [
      "7300289"
    ],
    "show_brand": true,
    "deal_of_day_active": false,
    "full_title_meta": "ŽAR LEGENDE Sveži svinjski steaki",
    "lists": [
      16
    ],
    "preview": false,
    "category_breadcrumbs": [
      {
        "id": "10068374",
        "name": "Hrana in pijača",
        "url": "/c/hrana-in-pijaca/s10068374",
        "hidden": false
      },
      {
        "id": "10071016",
        "name": "Meso in mesni izdelki",
        "url": "/h/meso-in-mesni-izdelki/h10071016",
        "hidden": false
      }
    ],
    "campaigns": [
      {
        "id": "10025136",
        "name": "Novo v ponudbi",
        "url": "/c/novo-v-ponudbi/a10025136",
        "hidden": false
      }
    ],
    "world_of_needs_code": "1717",
    "world_of_needs_name": "Klobase in meso",
    "world_of_needs_parent": "17",
    "is_main_category": true,
    "super_categories": [
      {
        "code": "17",
        "name": "Hrana in bližnja hrana",
        "parent": "0"
      },
      {
        "code": "0",
        "name": "Svetovi potreb",
        "parent": ""
      }
    ],
    "position": 510,
    "tracking_payload": {
      "searchTrackingMasterId": "Product.10077199",
      "searchTrackingTitle": "Sve%C5%BEi+svinjski+steaki",
      "searchTrackingPageSize": 100,
      "searchTrackingPage": 6,
      "searchTrackingEvent": "click",
      "list": "search",
      "searchTrackingId": "Product.10077199",
      "searchTrackingOrigPos": 1,
      "searchTrackingPos": 510,
      "searchTrackingOrigPageSize": 100,
      "searchTrackingChannel": "SI",
      "category": "Food"
    }
  },
  {
    "code": "10078732",
    "name": "Gorčica Estragon",
    "url": "",
    "result_class": "product",
    "type": "product",
    "product_id": 10078732,
    "erp_number": "10078732",
    "item_id": 10078732,
    "full_title": "KANIA Gorčica Estragon",
    "title": "Gorčica Estragon ",
    "category": "Food",
    "product_type": "RETAIL",
    "age_restriction": false,
    "is_used_product": false,
    "multipack": false,
    "online": false,
    "store": true,
    "quick_add_to_cart": false,
    "flash_sales": false,
    "having_videos": false,
    "having_threesixty": false,
    "price": 1.09,
    "old_price": 0.0,
    "currency_code": "EUR",
    "currency_symbol": "€",
    "has_star": true,
    "has_vat": false,
    "price_theme": "white_red",
    "variants_have_different_prices": false,
    "base_price_text": "1 kg = 3.30",
    "base_price_prefix": false,
    "packaging_text": "330 g",
    "discount_deleted_price": null,
    "discount_text": null,
    "discount_percentage": null,
    "discount_has_star": null,
    "show_discount": null,
    "show_percentage": null,
    "from_recommended_price": null,
    "availability_indicator": 0,
    "online_available": false,
    "min_orderable_quantity": 1,
    "orderable_quantities": [],
    "badge_texts": [
      "V trgovini"
    ],
    "badge_types": [
      "IN_STORE"
    ],
    "main_image": "https://imgproxy-retcat.assets.schwarz/T3zez83jUIUjkwLdSHWgK2bkuR8V77yQA7Agu_KlYno/sm:1/w:427/h:320/cz/M6Ly9wcm9kLWNhd/GFsb2ctbWVkaWEvaW50LzAxOTgyRDYxODYyN0Y3RkZFQjVEMkYxNj/g4OTk3MjQ2ODlCRjBDOUVDNDBGMDhBNTUxNzc1NDVFNDZFRDVBNTgucG5n.png",
    "image_list": [
      "https://imgproxy-retcat.assets.schwarz/T3zez83jUIUjkwLdSHWgK2bkuR8V77yQA7Agu_KlYno/sm:1/w:427/h:320/cz/M6Ly9wcm9kLWNhd/GFsb2ctbWVkaWEvaW50LzAxOTgyRDYxODYyN0Y3RkZFQjVEMkYxNj/g4OTk3MjQ2ODlCRjBDOUVDNDBGMDhBNTUxNzc1NDVFNDZFRDVBNTgucG5n.png"
    ],
    "image_accessibility": "Kanig estragonova gorčica, veganska, 330 g.",
    "detailed_images": [
      {
        "url": "https://imgproxy-retcat.assets.schwarz/T3zez83jUIUjkwLdSHWgK2bkuR8V77yQA7Agu_KlYno/sm:1/w:427/h:320/cz/M6Ly9wcm9kLWNhd/GFsb2ctbWVkaWEvaW50LzAxOTgyRDYxODYyN0Y3RkZFQjVEMkYxNj/g4OTk3MjQ2ODlCRjBDOUVDNDBGMDhBNTUxNzc1NDVFNDZFRDVBNTgucG5n.png",
        "accessibility": "Kanig estragonova gorčica, veganska, 330 g."
      }
    ],
    "analytics_category": "Food",
    "more_details": "Dodatne podrobnosti o izdelku",
    "won_category_primary": "Svetovi potreb/Hrana in bližnja hrana/Začimbe, gorčica in omake",
    "won_category_primary_path": "0/17/1736",
    "canonical_path": "/p/kania-gorcica-estragon/p10078732",
    "canonical_url": "/p/kania-gorcica-estragon/p10078732",
    "awards": [],
    "seals": [
      {
        "altText": "Veganski certifikat V-Label International",
        "image": "https://imgproxy-retcat.assets.schwarz/DMlGWAmsoWdVtAV0sxUiiXBfaYpIEPgxqYG2PwNhb_U/sm:1/w:140/cz/M6Ly9wcm9kLWNhd/GFsb2ctbWVkaWEvc2kvMi82RjZFMUM5MzcyMTc5OENFQUU5Nzk3QkJ/DMTRBNjU2QzVCNzA3QjlBRTE2RDI0QjYwNTk0OUFGMUMyOTJDRTQyLnBuZw.png"
      }
    ],
    "ribbons": [],
    "highlighted_seals": 0,
    "lidl_plus": [],
    "regions": [],
    "ians": [
      "5010805"
    ],
    "show_brand": true,
    "deal_of_day_active": false,
    "full_title_meta": "KANIA Gorčica Estragon",
    "lists": [
      16
    ],
    "preview": false,
    "category_breadcrumbs": [
      {
        "id": "10068374",
        "name": "Hrana in pijača",
        "url": "/c/hrana-in-pijaca/s10068374",
        "hidden": false
      },
      {
        "id": "10071682",
        "name": "Začimbe, gorčica in omake",
        "url": "/h/zacimbe-gorcica-in-omake/h10071682",
        "hidden": false
      }
    ],
    "campaigns": [
      {
        "id": "10025136",
        "name": "Novo v ponudbi",
        "url": "/c/novo-v-ponudbi/a10025136",
        "hidden": false
      }
    ],
    "world_of_needs_code": "1736",
    "world_of_needs_name": "Začimbe, gorčica in omake",
    "world_of_needs_parent": "17",
    "is_main_category": true,
    "super_categories": [
      {
        "code": "17",
        "name": "Hrana in bližnja hrana",
        "parent": "0"
      },
      {
        "code": "0",
        "name": "Svetovi potreb",
        "parent": ""
      }
    ],
    "position": 511,
    "tracking_payload": {
      "searchTrackingMasterId": "Product.10078732",
      "searchTrackingTitle": "Gor%C4%8Dica+Estragon",
      "searchTrackingPageSize": 100,
      "searchTrackingPage": 6,
      "searchTrackingEvent": "click",
      "list": "search",
      "searchTrackingId": "Product.10078732",
      "searchTrackingOrigPos": 1,
      "searchTrackingPos": 511,
      "searchTrackingOrigPageSize": 100,
      "searchTrackingChannel": "SI",
      "category": "Food"
    }
  },
  {
    "code": "10078733",
    "name": "Žitna kava",
    "url": "",
    "result_class": "product",
    "type": "product",
    "product_id": 10078733,
    "erp_number": "10078733",
    "item_id": 10078733,
    "full_title": "BELLAROM Žitna kava",
    "title": "Žitna kava",
    "category": "Food",
    "product_type": "RETAIL",
    "age_restriction": false,
    "is_used_product": false,
    "multipack": false,
    "online": false,
    "store": true,
    "quick_add_to_cart": false,
    "flash_sales": false,
    "having_videos": false,
    "having_threesixty": false,
    "price": 1.99,
    "old_price": 0.0,
    "currency_code": "EUR",
    "currency_symbol": "€",
    "has_star": true,
    "has_vat": false,
    "price_theme": "white_red",
    "variants_have_different_prices": false,
    "base_price_text": "1 kg = 9.95",
    "base_price_prefix": false,
    "packaging_text": "200 g",
    "discount_deleted_price": null,
    "discount_text": null,
    "discount_percentage": null,
    "discount_has_star": null,
    "show_discount": null,
    "show_percentage": null,
    "from_recommended_price": null,
    "availability_indicator": 0,
    "online_available": false,
    "min_orderable_quantity": 1,
    "orderable_quantities": [],
    "badge_texts": [
      "V trgovini"
    ],
    "badge_types": [
      "IN_STORE"
    ],
    "main_image": "https://imgproxy-retcat.assets.schwarz/4Oh-ilHHovYOoQdJLWTTnqVf7kS_bInzO3I-ZsttUxs/sm:1/w:427/h:320/cz/M6Ly9wcm9kLWNhd/GFsb2ctbWVkaWEvaW50L0UyNThBOEIyRkVGQkNCREM3RUE5NDNCMD/RFN0NDNjUzMjY4NzgyMTM4RDNBOEYzOEE2N0QxMDRCRjFENzIzN0IucG5n.png",
    "image_list": [
      "https://imgproxy-retcat.assets.schwarz/4Oh-ilHHovYOoQdJLWTTnqVf7kS_bInzO3I-ZsttUxs/sm:1/w:427/h:320/cz/M6Ly9wcm9kLWNhd/GFsb2ctbWVkaWEvaW50L0UyNThBOEIyRkVGQkNCREM3RUE5NDNCMD/RFN0NDNjUzMjY4NzgyMTM4RDNBOEYzOEE2N0QxMDRCRjFENzIzN0IucG5n.png"
    ],
    "image_accessibility": "Bellarom ječmenov kavni napitek, 100% ječmen, 66 porcij.",
    "detailed_images": [
      {
        "url": "https://imgproxy-retcat.assets.schwarz/4Oh-ilHHovYOoQdJLWTTnqVf7kS_bInzO3I-ZsttUxs/sm:1/w:427/h:320/cz/M6Ly9wcm9kLWNhd/GFsb2ctbWVkaWEvaW50L0UyNThBOEIyRkVGQkNCREM3RUE5NDNCMD/RFN0NDNjUzMjY4NzgyMTM4RDNBOEYzOEE2N0QxMDRCRjFENzIzN0IucG5n.png",
        "accessibility": "Bellarom ječmenov kavni napitek, 100% ječmen, 66 porcij."
      }
    ],
    "analytics_category": "Food",
    "more_details": "Dodatne podrobnosti o izdelku",
    "won_category_primary": "Svetovi potreb/Hrana in bližnja hrana/Kava, čaj in kakav",
    "won_category_primary_path": "0/17/1730",
    "canonical_path": "/p/bellarom-zitna-kava/p10078733",
    "canonical_url": "/p/bellarom-zitna-kava/p10078733",
    "awards": [],
    "seals": [],
    "ribbons": [],
    "highlighted_seals": 0,
    "lidl_plus": [],
    "regions": [],
    "ians": [
      "6002640"
    ],
    "show_brand": true,
    "deal_of_day_active": false,
    "full_title_meta": "BELLAROM Žitna kava",
    "lists": [
      16
    ],
    "preview": false,
    "category_breadcrumbs": [
      {
        "id": "10068374",
        "name": "Hrana in pijača",
        "url": "/c/hrana-in-pijaca/s10068374",
        "hidden": false
      },
      {
        "id": "10071683",
        "name": "Kava, čaj in kakav",
        "url": "/h/kava-caj-in-kakav/h10071683",
        "hidden": false
      }
    ],
    "campaigns": [
      {
        "id": "10025136",
        "name": "Novo v ponudbi",
        "url": "/c/novo-v-ponudbi/a10025136",
        "hidden": false
      }
    ],
    "world_of_needs_code": "1730",
    "world_of_needs_name": "Kava, čaj in kakav",
    "world_of_needs_parent": "17",
    "is_main_category": true,
    "super_categories": [
      {
        "code": "17",
        "name": "Hrana in bližnja hrana",
        "parent": "0"
      },
      {
        "code": "0",
        "name": "Svetovi potreb",
        "parent": ""
      }
    ],
    "position": 512,
    "tracking_payload": {
      "searchTrackingMasterId": "Product.10078733",
      "searchTrackingTitle": "%C5%BDitna+kava",
      "searchTrackingPageSize": 100,
      "searchTrackingPage": 6,
      "searchTrackingEvent": "click",
      "list": "search",
      "searchTrackingId": "Product.10078733",
      "searchTrackingOrigPos": 1,
      "searchTrackingPos": 512,
      "searchTrackingOrigPageSize": 100,
      "searchTrackingChannel": "SI",
      "category": "Food"
    }
  },
  {
    "code": "10078734",
    "name": "Ovseni keksi",
    "url": "",
    "result_class": "product",
    "type": "product",
    "product_id": 10078734,
    "erp_number": "10078734",
    "item_id": 10078734,
    "full_title": "SONDEY Ovseni keksi",
    "title": "Ovseni keksi",
    "category": "Food",
    "product_type": "RETAIL",
    "age_restriction": false,
    "is_used_product": false,
    "multipack": false,
    "online": false,
    "store": true,
    "quick_add_to_cart": false,
    "flash_sales": false,
    "having_videos": false,
    "having_threesixty": false,
    "price": 1.69,
    "old_price": 0.0,
    "currency_code": "EUR",
    "currency_symbol": "€",
    "has_star": true,
    "has_vat": false,
    "price_theme": "white_red",
    "variants_have_different_prices": false,
    "base_price_text": "1 kg = 3.38",
    "base_price_prefix": false,
    "packaging_text": "500 g",
    "discount_deleted_price": null,
    "discount_text": null,
    "discount_percentage": null,
    "discount_has_star": null,
    "show_discount": null,
    "show_percentage": null,
    "from_recommended_price": null,
    "availability_indicator": 0,
    "online_available": false,
    "min_orderable_quantity": 1,
    "orderable_quantities": [],
    "badge_texts": [
      "V trgovini"
    ],
    "badge_types": [
      "IN_STORE"
    ],
    "main_image": "https://imgproxy-retcat.assets.schwarz/d6gofDgaahfp1fIOV-WynkB3J6DPxMWXcRBdAW4j60w/sm:1/w:427/h:320/cz/M6Ly9wcm9kLWNhd/GFsb2ctbWVkaWEvaW50L0M1QTlGMThEQjhEQjNEMTc1NTgwNzVGMD/hERjQ0NDZBOTk1N0FDMTUxRDg2MTRGMUIyMjIyQjI2NjM5NEFCOEIucG5n.png",
    "image_list": [
      "https://imgproxy-retcat.assets.schwarz/d6gofDgaahfp1fIOV-WynkB3J6DPxMWXcRBdAW4j60w/sm:1/w:427/h:320/cz/M6Ly9wcm9kLWNhd/GFsb2ctbWVkaWEvaW50L0M1QTlGMThEQjhEQjNEMTc1NTgwNzVGMD/hERjQ0NDZBOTk1N0FDMTUxRDg2MTRGMUIyMjIyQjI2NjM5NEFCOEIucG5n.png"
    ],
    "image_accessibility": "Sondey ovseni piškoti, 500g.",
    "detailed_images": [
      {
        "url": "https://imgproxy-retcat.assets.schwarz/d6gofDgaahfp1fIOV-WynkB3J6DPxMWXcRBdAW4j60w/sm:1/w:427/h:320/cz/M6Ly9wcm9kLWNhd/GFsb2ctbWVkaWEvaW50L0M1QTlGMThEQjhEQjNEMTc1NTgwNzVGMD/hERjQ0NDZBOTk1N0FDMTUxRDg2MTRGMUIyMjIyQjI2NjM5NEFCOEIucG5n.png",
        "accessibility": "Sondey ovseni piškoti, 500g."
      }
    ],
    "analytics_category": "Food",
    "more_details": "Dodatne podrobnosti o izdelku",
    "won_category_primary": "Svetovi potreb/Hrana in bližnja hrana/Prigrizki in slaščice",
    "won_category_primary_path": "0/17/1721",
    "canonical_path": "/p/sondey-ovseni-keksi/p10078734",
    "canonical_url": "/p/sondey-ovseni-keksi/p10078734",
    "awards": [],
    "seals": [],
    "ribbons": [],
    "highlighted_seals": 0,
    "lidl_plus": [],
    "regions": [],
    "ians": [
      "6004518"
    ],
    "show_brand": true,
    "deal_of_day_active": false,
    "full_title_meta": "SONDEY Ovseni keksi",
    "lists": [
      16
    ],
    "preview": false,
    "category_breadcrumbs": [
      {
        "id": "10068374",
        "name": "Hrana in pijača",
        "url": "/c/hrana-in-pijaca/s10068374",
        "hidden": false
      },
      {
        "id": "10071044",
        "name": "Prigrizki in sladkarije",
        "url": "/h/prigrizki-in-sladkarije/h10071044",
        "hidden": false
      }
    ],
    "campaigns": [
      {
        "id": "10025136",
        "name": "Novo v ponudbi",
        "url": "/c/novo-v-ponudbi/a10025136",
        "hidden": false
      }
    ],
    "world_of_needs_code": "1721",
    "world_of_needs_name": "Prigrizki in slaščice",
    "world_of_needs_parent": "17",
    "is_main_category": true,
    "super_categories": [
      {
        "code": "17",
        "name": "Hrana in bližnja hrana",
        "parent": "0"
      },
      {
        "code": "0",
        "name": "Svetovi potreb",
        "parent": ""
      }
    ],
    "position": 513,
    "tracking_payload": {
      "searchTrackingMasterId": "Product.10078734",
      "searchTrackingTitle": "Ovseni+keksi",
      "searchTrackingPageSize": 100,
      "searchTrackingPage": 6,
      "searchTrackingEvent": "click",
      "list": "search",
      "searchTrackingId": "Product.10078734",
      "searchTrackingOrigPos": 1,
      "searchTrackingPos": 513,
      "searchTrackingOrigPageSize": 100,
      "searchTrackingChannel": "SI",
      "category": "Food"
    }
  },
  {
    "code": "10078735",
    "name": "Letna tekočina",
    "url": "",
    "result_class": "product",
    "type": "product",
    "product_id": 10078735,
    "erp_number": "10078735",
    "item_id": 10078735,
    "full_title": "Letna tekočina",
    "title": "Letna tekočina",
    "category": "Food",
    "product_type": "RETAIL",
    "age_restriction": false,
    "is_used_product": false,
    "multipack": false,
    "online": false,
    "store": true,
    "quick_add_to_cart": false,
    "flash_sales": false,
    "having_videos": false,
    "having_threesixty": false,
    "price": 2.69,
    "old_price": 0.0,
    "currency_code": "EUR",
    "currency_symbol": "€",
    "has_star": true,
    "has_vat": false,
    "price_theme": "white_red",
    "variants_have_different_prices": false,
    "base_price_text": "1 l = 0.54",
    "base_price_prefix": false,
    "packaging_text": "5 l",
    "discount_deleted_price": null,
    "discount_text": null,
    "discount_percentage": null,
    "discount_has_star": null,
    "show_discount": null,
    "show_percentage": null,
    "from_recommended_price": null,
    "availability_indicator": 0,
    "online_available": false,
    "min_orderable_quantity": 1,
    "orderable_quantities": [],
    "badge_texts": [
      "V trgovini"
    ],
    "badge_types": [
      "IN_STORE"
    ],
    "main_image": "https://imgproxy-retcat.assets.schwarz/LAAE7O6ZAKSfqtf7VCZcgywpqrZl4c3SanRSamPbRK0/sm:1/w:427/h:320/cz/M6Ly9wcm9kLWNhd/GFsb2ctbWVkaWEvaW50LzJBNDc5OUY5QjJFRjMzNzRBOEZDM0QxQT/hFODEyQjQ4NDM3OTc5MkVBOTA0MzFBQ0Y2MjE5OEQ3QzhBMDE2NTkucG5n.png",
    "image_list": [
      "https://imgproxy-retcat.assets.schwarz/LAAE7O6ZAKSfqtf7VCZcgywpqrZl4c3SanRSamPbRK0/sm:1/w:427/h:320/cz/M6Ly9wcm9kLWNhd/GFsb2ctbWVkaWEvaW50LzJBNDc5OUY5QjJFRjMzNzRBOEZDM0QxQT/hFODEyQjQ4NDM3OTc5MkVBOTA0MzFBQ0Y2MjE5OEQ3QzhBMDE2NTkucG5n.png"
    ],
    "image_accessibility": "Autolux tekočina za čiščenje vetrobranskega stekla, 5l.",
    "detailed_images": [
      {
        "url": "https://imgproxy-retcat.assets.schwarz/LAAE7O6ZAKSfqtf7VCZcgywpqrZl4c3SanRSamPbRK0/sm:1/w:427/h:320/cz/M6Ly9wcm9kLWNhd/GFsb2ctbWVkaWEvaW50LzJBNDc5OUY5QjJFRjMzNzRBOEZDM0QxQT/hFODEyQjQ4NDM3OTc5MkVBOTA0MzFBQ0Y2MjE5OEQ3QzhBMDE2NTkucG5n.png",
        "accessibility": "Autolux tekočina za čiščenje vetrobranskega stekla, 5l."
      }
    ],
    "analytics_category": "Food",
    "more_details": "Dodatne podrobnosti o izdelku",
    "won_category_primary": "Svetovi potreb/Hrana in bližnja hrana/Drogerija - higiena, otroška hrana, kozmetika, čistila",
    "won_category_primary_path": "0/17/1723",
    "canonical_path": "/p/letna-tekocina/p10078735",
    "canonical_url": "/p/letna-tekocina/p10078735",
    "awards": [],
    "seals": [],
    "ribbons": [],
    "highlighted_seals": 0,
    "lidl_plus": [],
    "regions": [],
    "ians": [
      "6906433"
    ],
    "show_brand": false,
    "deal_of_day_active": false,
    "full_title_meta": "Letna tekočina",
    "lists": [
      16
    ],
    "preview": false,
    "category_breadcrumbs": [
      {
        "id": "10068374",
        "name": "Hrana in pijača",
        "url": "/c/hrana-in-pijaca/s10068374",
        "hidden": false
      },
      {
        "id": "10071019",
        "name": "Osebna nega",
        "url": "/h/osebna-nega/h10071019",
        "hidden": false
      }
    ],
    "campaigns": [
      {
        "id": "10025136",
        "name": "Novo v ponudbi",
        "url": "/c/novo-v-ponudbi/a10025136",
        "hidden": false
      }
    ],
    "world_of_needs_code": "1723",
    "world_of_needs_name": "Drogerija - higiena, otroška hrana, kozmetika, čistila",
    "world_of_needs_parent": "17",
    "is_main_category": true,
    "super_categories": [
      {
        "code": "17",
        "name": "Hrana in bližnja hrana",
        "parent": "0"
      },
      {
        "code": "0",
        "name": "Svetovi potreb",
        "parent": ""
      }
    ],
    "position": 514,
    "tracking_payload": {
      "searchTrackingMasterId": "Product.10078735",
      "searchTrackingTitle": "Letna+teko%C4%8Dina",
      "searchTrackingPageSize": 100,
      "searchTrackingPage": 6,
      "searchTrackingEvent": "click",
      "list": "search",
      "searchTrackingId": "Product.10078735",
      "searchTrackingOrigPos": 1,
      "searchTrackingPos": 514,
      "searchTrackingOrigPageSize": 100,
      "searchTrackingChannel": "SI",
      "category": "Food"
    }
  },
  {
    "code": "10078736",
    "name": "Sadni jogurt",
    "url": "",
    "result_class": "product",
    "type": "product",
    "product_id": 10078736,
    "erp_number": "10078736",
    "item_id": 10078736,
    "full_title": "PILOS Sadni jogurt",
    "title": "Sadni jogurt",
    "category": "Food",
    "product_type": "RETAIL",
    "age_restriction": false,
    "is_used_product": false,
    "multipack": false,
    "online": false,
    "store": true,
    "quick_add_to_cart": false,
    "flash_sales": false,
    "having_videos": false,
    "having_threesixty": false,
    "price": 0.68,
    "old_price": 0.0,
    "currency_code": "EUR",
    "currency_symbol": "€",
    "has_star": true,
    "has_vat": false,
    "price_theme": "white_red",
    "variants_have_different_prices": false,
    "base_price_text": "1 kg = 1.70",
    "base_price_prefix": false,
    "packaging_text": "400 g",
    "discount_deleted_price": null,
    "discount_text": null,
    "discount_percentage": null,
    "discount_has_star": null,
    "show_discount": null,
    "show_percentage": null,
    "from_recommended_price": null,
    "availability_indicator": 0,
    "online_available": false,
    "min_orderable_quantity": 1,
    "orderable_quantities": [],
    "badge_texts": [
      "V trgovini"
    ],
    "badge_types": [
      "IN_STORE"
    ],
    "main_image": "https://imgproxy-retcat.assets.schwarz/i8zakB7L9hqyYONrd7r9NLOYDkJy_Np6ItWE2xVFuSQ/sm:1/w:427/h:320/cz/M6Ly9wcm9kLWNhd/GFsb2ctbWVkaWEvaW50LzJBM0ZERDU0OURERTc5OEFCRUMyQTNGNj/VDQUFFNjA4NjNFRUJDODQ1REZBMUM3QTQzQTg4QUY2NjJEOTI4MkYucG5n.png",
    "image_list": [
      "https://imgproxy-retcat.assets.schwarz/i8zakB7L9hqyYONrd7r9NLOYDkJy_Np6ItWE2xVFuSQ/sm:1/w:427/h:320/cz/M6Ly9wcm9kLWNhd/GFsb2ctbWVkaWEvaW50LzJBM0ZERDU0OURERTc5OEFCRUMyQTNGNj/VDQUFFNjA4NjNFRUJDODQ1REZBMUM3QTQzQTg4QUY2NjJEOTI4MkYucG5n.png"
    ],
    "image_accessibility": "Pilos breskov jogurt.",
    "detailed_images": [
      {
        "url": "https://imgproxy-retcat.assets.schwarz/i8zakB7L9hqyYONrd7r9NLOYDkJy_Np6ItWE2xVFuSQ/sm:1/w:427/h:320/cz/M6Ly9wcm9kLWNhd/GFsb2ctbWVkaWEvaW50LzJBM0ZERDU0OURERTc5OEFCRUMyQTNGNj/VDQUFFNjA4NjNFRUJDODQ1REZBMUM3QTQzQTg4QUY2NjJEOTI4MkYucG5n.png",
        "accessibility": "Pilos breskov jogurt."
      }
    ],
    "analytics_category": "Food",
    "more_details": "Dodatne podrobnosti o izdelku",
    "won_category_primary": "Svetovi potreb/Hrana in bližnja hrana/Sir in mlečni izdelki (vključno z maslom in sirom)",
    "won_category_primary_path": "0/17/1718",
    "canonical_path": "/p/pilos-sadni-jogurt/p10078736",
    "canonical_url": "/p/pilos-sadni-jogurt/p10078736",
    "awards": [],
    "seals": [
      {
        "altText": "Nalepka: Hlajeno",
        "image": "https://imgproxy-retcat.assets.schwarz/7x3Iby7aD19hFySDnP2YoXt7E1r0JrvJVj0QO1gUOes/sm:1/w:140/cz/M6Ly9wcm9kLWNhd/GFsb2ctbWVkaWEvc2kvMi8xMzFBN0E2RDlCREZGREQxOEE2OTFDNEZ/FNDE5RTM0QUMxQjY4OEQ0OUY2QTAxMTRDRjQ1RjdCNTNDRjM2NUJBLnBuZw.png"
      }
    ],
    "ribbons": [],
    "highlighted_seals": 0,
    "lidl_plus": [],
    "regions": [],
    "ians": [
      "6908543"
    ],
    "show_brand": true,
    "deal_of_day_active": false,
    "full_title_meta": "PILOS Sadni jogurt",
    "lists": [
      16
    ],
    "preview": false,
    "category_breadcrumbs": [
      {
        "id": "10068374",
        "name": "Hrana in pijača",
        "url": "/c/hrana-in-pijaca/s10068374",
        "hidden": false
      },
      {
        "id": "10071017",
        "name": " Sir &  Mlečni izdelki",
        "url": "/h/sir-mlecni-izdelki/h10071017",
        "hidden": false
      }
    ],
    "campaigns": [
      {
        "id": "10025136",
        "name": "Novo v ponudbi",
        "url": "/c/novo-v-ponudbi/a10025136",
        "hidden": false
      }
    ],
    "world_of_needs_code": "1718",
    "world_of_needs_name": "Sir in mlečni izdelki (vključno z maslom in sirom)",
    "world_of_needs_parent": "17",
    "is_main_category": true,
    "super_categories": [
      {
        "code": "17",
        "name": "Hrana in bližnja hrana",
        "parent": "0"
      },
      {
        "code": "0",
        "name": "Svetovi potreb",
        "parent": ""
      }
    ],
    "position": 515,
    "tracking_payload": {
      "searchTrackingMasterId": "Product.10078736",
      "searchTrackingTitle": "Sadni+jogurt",
      "searchTrackingPageSize": 100,
      "searchTrackingPage": 6,
      "searchTrackingEvent": "click",
      "list": "search",
      "searchTrackingId": "Product.10078736",
      "searchTrackingOrigPos": 1,
      "searchTrackingPos": 515,
      "searchTrackingOrigPageSize": 100,
      "searchTrackingChannel": "SI",
      "category": "Food"
    }
  },
  {
    "code": "10078737",
    "name": "Sadni jogurt",
    "url": "",
    "result_class": "product",
    "type": "product",
    "product_id": 10078737,
    "erp_number": "10078737",
    "item_id": 10078737,
    "full_title": "PILOS Sadni jogurt",
    "title": "Sadni jogurt",
    "category": "Food",
    "product_type": "RETAIL",
    "age_restriction": false,
    "is_used_product": false,
    "multipack": false,
    "online": false,
    "store": true,
    "quick_add_to_cart": false,
    "flash_sales": false,
    "having_videos": false,
    "having_threesixty": false,
    "price": 0.68,
    "old_price": 0.0,
    "currency_code": "EUR",
    "currency_symbol": "€",
    "has_star": true,
    "has_vat": false,
    "price_theme": "white_red",
    "variants_have_different_prices": false,
    "base_price_text": "1 kg = 1.70",
    "base_price_prefix": false,
    "packaging_text": "400 g",
    "discount_deleted_price": null,
    "discount_text": null,
    "discount_percentage": null,
    "discount_has_star": null,
    "show_discount": null,
    "show_percentage": null,
    "from_recommended_price": null,
    "availability_indicator": 0,
    "online_available": false,
    "min_orderable_quantity": 1,
    "orderable_quantities": [],
    "badge_texts": [
      "V trgovini"
    ],
    "badge_types": [
      "IN_STORE"
    ],
    "main_image": "https://imgproxy-retcat.assets.schwarz/CCXThTVD8Ee7ylTT4radT6WUNyDF1NG5fhJfj2hNWoo/sm:1/w:427/h:320/cz/M6Ly9wcm9kLWNhd/GFsb2ctbWVkaWEvaW50LzE0MDM3OUNGQTUxQ0VENjQ1QzcyQkFFNk/EwOEM1RDNCQzcwNzMwQzUzQzQ0NkMyQ0NGNjZEODdBQTU4OEI0RTkucG5n.png",
    "image_list": [
      "https://imgproxy-retcat.assets.schwarz/CCXThTVD8Ee7ylTT4radT6WUNyDF1NG5fhJfj2hNWoo/sm:1/w:427/h:320/cz/M6Ly9wcm9kLWNhd/GFsb2ctbWVkaWEvaW50LzE0MDM3OUNGQTUxQ0VENjQ1QzcyQkFFNk/EwOEM1RDNCQzcwNzMwQzUzQzQ0NkMyQ0NGNjZEODdBQTU4OEI0RTkucG5n.png"
    ],
    "image_accessibility": "Pilos jagodni jogurt.",
    "detailed_images": [
      {
        "url": "https://imgproxy-retcat.assets.schwarz/CCXThTVD8Ee7ylTT4radT6WUNyDF1NG5fhJfj2hNWoo/sm:1/w:427/h:320/cz/M6Ly9wcm9kLWNhd/GFsb2ctbWVkaWEvaW50LzE0MDM3OUNGQTUxQ0VENjQ1QzcyQkFFNk/EwOEM1RDNCQzcwNzMwQzUzQzQ0NkMyQ0NGNjZEODdBQTU4OEI0RTkucG5n.png",
        "accessibility": "Pilos jagodni jogurt."
      }
    ],
    "analytics_category": "Food",
    "more_details": "Dodatne podrobnosti o izdelku",
    "won_category_primary": "Svetovi potreb/Hrana in bližnja hrana/Sir in mlečni izdelki (vključno z maslom in sirom)",
    "won_category_primary_path": "0/17/1718",
    "canonical_path": "/p/pilos-sadni-jogurt/p10078737",
    "canonical_url": "/p/pilos-sadni-jogurt/p10078737",
    "awards": [],
    "seals": [
      {
        "altText": "Nalepka: Hlajeno",
        "image": "https://imgproxy-retcat.assets.schwarz/7x3Iby7aD19hFySDnP2YoXt7E1r0JrvJVj0QO1gUOes/sm:1/w:140/cz/M6Ly9wcm9kLWNhd/GFsb2ctbWVkaWEvc2kvMi8xMzFBN0E2RDlCREZGREQxOEE2OTFDNEZ/FNDE5RTM0QUMxQjY4OEQ0OUY2QTAxMTRDRjQ1RjdCNTNDRjM2NUJBLnBuZw.png"
      }
    ],
    "ribbons": [],
    "highlighted_seals": 0,
    "lidl_plus": [],
    "regions": [],
    "ians": [
      "6908544"
    ],
    "show_brand": true,
    "deal_of_day_active": false,
    "full_title_meta": "PILOS Sadni jogurt",
    "lists": [
      16
    ],
    "preview": false,
    "category_breadcrumbs": [
      {
        "id": "10068374",
        "name": "Hrana in pijača",
        "url": "/c/hrana-in-pijaca/s10068374",
        "hidden": false
      },
      {
        "id": "10071017",
        "name": " Sir &  Mlečni izdelki",
        "url": "/h/sir-mlecni-izdelki/h10071017",
        "hidden": false
      }
    ],
    "campaigns": [
      {
        "id": "10025136",
        "name": "Novo v ponudbi",
        "url": "/c/novo-v-ponudbi/a10025136",
        "hidden": false
      }
    ],
    "world_of_needs_code": "1718",
    "world_of_needs_name": "Sir in mlečni izdelki (vključno z maslom in sirom)",
    "world_of_needs_parent": "17",
    "is_main_category": true,
    "super_categories": [
      {
        "code": "17",
        "name": "Hrana in bližnja hrana",
        "parent": "0"
      },
      {
        "code": "0",
        "name": "Svetovi potreb",
        "parent": ""
      }
    ],
    "position": 516,
    "tracking_payload": {
      "searchTrackingMasterId": "Product.10078737",
      "searchTrackingTitle": "Sadni+jogurt",
      "searchTrackingPageSize": 100,
      "searchTrackingPage": 6,
      "searchTrackingEvent": "click",
      "list": "search",
      "searchTrackingId": "Product.10078737",
      "searchTrackingOrigPos": 1,
      "searchTrackingPos": 516,
      "searchTrackingOrigPageSize": 100,
      "searchTrackingChannel": "SI",
      "category": "Food"
    }
  },
  {
    "code": "10078738",
    "name": "Prekmurska gibanica",
    "url": "",
    "result_class": "product",
    "type": "product",
    "product_id": 10078738,
    "erp_number": "10078738",
    "item_id": 10078738,
    "full_title": "DELUXE Prekmurska gibanica",
    "title": "Prekmurska gibanica",
    "category": "Food",
    "product_type": "RETAIL",
    "age_restriction": false,
    "is_used_product": false,
    "multipack": false,
    "online": false,
    "store": true,
    "quick_add_to_cart": false,
    "flash_sales": false,
    "having_videos": false,
    "having_threesixty": false,
    "price": 6.49,
    "old_price": 0.0,
    "currency_code": "EUR",
    "currency_symbol": "€",
    "has_star": true,
    "has_vat": false,
    "price_theme": "white_red",
    "variants_have_different_prices": false,
    "base_price_text": "1 kg = 11.80",
    "base_price_prefix": false,
    "packaging_text": "2 x 275 g",
    "discount_deleted_price": null,
    "discount_text": null,
    "discount_percentage": null,
    "discount_has_star": null,
    "show_discount": null,
    "show_percentage": null,
    "from_recommended_price": null,
    "availability_indicator": 0,
    "online_available": false,
    "min_orderable_quantity": 1,
    "orderable_quantities": [],
    "badge_texts": [
      "V trgovini"
    ],
    "badge_types": [
      "IN_STORE"
    ],
    "main_image": "https://imgproxy-retcat.assets.schwarz/IOBzctWFbNf9VgD9FRYZ9_vzkz7QEG97I_pXJF3WXFg/sm:1/w:427/h:320/cz/M6Ly9wcm9kLWNhd/GFsb2ctbWVkaWEvaW50LzlGMzZDN0RFM0VFMTIxRjk1OUU0MjYxMz/FCQ0IwMkIyMTVFQzRERjJCNDUyOTRGRkYwMDU1RjMzNUNFQzRBQkMucG5n.png",
    "image_list": [
      "https://imgproxy-retcat.assets.schwarz/IOBzctWFbNf9VgD9FRYZ9_vzkz7QEG97I_pXJF3WXFg/sm:1/w:427/h:320/cz/M6Ly9wcm9kLWNhd/GFsb2ctbWVkaWEvaW50LzlGMzZDN0RFM0VFMTIxRjk1OUU0MjYxMz/FCQ0IwMkIyMTVFQzRERjJCNDUyOTRGRkYwMDU1RjMzNUNFQzRBQkMucG5n.png",
      "https://imgproxy-retcat.assets.schwarz/HBhR7nkWaChCuyZ51eoF8dijqS6Plr8yQV0qXyyYPSc/sm:1/w:427/h:320/cz/M6Ly9wcm9kLWNhd/GFsb2ctbWVkaWEvaW50LzRGRTUxNTAwOEFGMUQzOTcwRDNBQTQ1Qj/k1MDNCNTdBQ0U3RjcwQzM5MERCNERDNzQ1MDNBQzhGNDZEODQ4ODMucG5n.png"
    ],
    "image_accessibility": "Deluxe Prekmurska Gibanica, tradicionalna slovenska torta.",
    "detailed_images": [
      {
        "url": "https://imgproxy-retcat.assets.schwarz/IOBzctWFbNf9VgD9FRYZ9_vzkz7QEG97I_pXJF3WXFg/sm:1/w:427/h:320/cz/M6Ly9wcm9kLWNhd/GFsb2ctbWVkaWEvaW50LzlGMzZDN0RFM0VFMTIxRjk1OUU0MjYxMz/FCQ0IwMkIyMTVFQzRERjJCNDUyOTRGRkYwMDU1RjMzNUNFQzRBQkMucG5n.png",
        "accessibility": "Deluxe Prekmurska Gibanica, tradicionalna slovenska torta."
      },
      {
        "url": "https://imgproxy-retcat.assets.schwarz/HBhR7nkWaChCuyZ51eoF8dijqS6Plr8yQV0qXyyYPSc/sm:1/w:427/h:320/cz/M6Ly9wcm9kLWNhd/GFsb2ctbWVkaWEvaW50LzRGRTUxNTAwOEFGMUQzOTcwRDNBQTQ1Qj/k1MDNCNTdBQ0U3RjcwQzM5MERCNERDNzQ1MDNBQzhGNDZEODQ4ODMucG5n.png",
        "accessibility": "Deluxe Prekmurska Gibanica, makov in orehov kolač."
      }
    ],
    "analytics_category": "Food",
    "more_details": "Dodatne podrobnosti o izdelku",
    "won_category_primary": "Svetovi potreb/Hrana in bližnja hrana/Kruh in pekovsko pecivo",
    "won_category_primary_path": "0/17/1713",
    "canonical_path": "/p/deluxe-prekmurska-gibanica/p10078738",
    "canonical_url": "/p/deluxe-prekmurska-gibanica/p10078738",
    "awards": [],
    "seals": [
      {
        "altText": "Zaščiteno tradicionalno poreklo.",
        "image": "https://imgproxy-retcat.assets.schwarz/_mFL6OTl4MKmxf0KrPwSx3ULt3Emtld-ZUmYQwS5_wY/sm:1/w:140/cz/M6Ly9wcm9kLWNhd/GFsb2ctbWVkaWEvc2kvMi9FRkNCODRDMzBDMkQ5NDM1ODY2NDQ4QjR/DRjhFNEYyQkI0MjM2N0JEOUFFQjBBQjVCMTUyNDE4NjY4Njc0MDEwLnBuZw.png"
      },
      {
        "altText": "Slovenski izdelek",
        "image": "https://imgproxy-retcat.assets.schwarz/065GlWscfuyzRNlqdEjgEaZNE6893872XSglFaanlJA/sm:1/w:140/cz/M6Ly9wcm9kLWNhd/GFsb2ctbWVkaWEvc2kvMi83RTk4NkYyRDk1MTlDRUJBNzA1N0JGMzA/1QjA1NjUyRjVCMjMzNzZGRjY4MzVEREFGQzIwQzE5NDVFQUE5M0RCLnBuZw.png"
      }
    ],
    "ribbons": [],
    "highlighted_seals": 0,
    "lidl_plus": [],
    "regions": [],
    "ians": [
      "7302284"
    ],
    "show_brand": true,
    "deal_of_day_active": false,
    "full_title_meta": "DELUXE Prekmurska gibanica",
    "lists": [
      16
    ],
    "preview": false,
    "category_breadcrumbs": [
      {
        "id": "10068374",
        "name": "Hrana in pijača",
        "url": "/c/hrana-in-pijaca/s10068374",
        "hidden": false
      },
      {
        "id": "10071015",
        "name": "Kruh in pekovski izdelki",
        "url": "/h/kruh-in-pekovski-izdelki/h10071015",
        "hidden": false
      }
    ],
    "campaigns": [
      {
        "id": "10025136",
        "name": "Novo v ponudbi",
        "url": "/c/novo-v-ponudbi/a10025136",
        "hidden": false
      }
    ],
    "world_of_needs_code": "1713",
    "world_of_needs_name": "Kruh in pekovsko pecivo",
    "world_of_needs_parent": "17",
    "is_main_category": true,
    "super_categories": [
      {
        "code": "17",
        "name": "Hrana in bližnja hrana",
        "parent": "0"
      },
      {
        "code": "0",
        "name": "Svetovi potreb",
        "parent": ""
      }
    ],
    "position": 517,
    "tracking_payload": {
      "searchTrackingMasterId": "Product.10078738",
      "searchTrackingTitle": "Prekmurska+gibanica",
      "searchTrackingPageSize": 100,
      "searchTrackingPage": 6,
      "searchTrackingEvent": "click",
      "list": "search",
      "searchTrackingId": "Product.10078738",
      "searchTrackingOrigPos": 1,
      "searchTrackingPos": 517,
      "searchTrackingOrigPageSize": 100,
      "searchTrackingChannel": "SI",
      "category": "Food"
    }
  },
  {
    "code": "10078739",
    "name": "Bio Kuskus",
    "url": "",
    "result_class": "product",
    "type": "product",
    "product_id": 10078739,
    "erp_number": "10078739",
    "item_id": 10078739,
    "full_title": "NARAYAN Bio Kuskus",
    "title": "Bio Kuskus",
    "category": "Food",
    "product_type": "RETAIL",
    "age_restriction": false,
    "is_used_product": false,
    "multipack": false,
    "online": false,
    "store": true,
    "quick_add_to_cart": false,
    "flash_sales": false,
    "having_videos": false,
    "having_threesixty": false,
    "price": 1.89,
    "old_price": 0.0,
    "currency_code": "EUR",
    "currency_symbol": "€",
    "has_star": true,
    "has_vat": false,
    "price_theme": "white_red",
    "variants_have_different_prices": false,
    "base_price_text": "1 kg = 2.52",
    "base_price_prefix": false,
    "packaging_text": "750 g",
    "discount_deleted_price": null,
    "discount_text": null,
    "discount_percentage": null,
    "discount_has_star": null,
    "show_discount": null,
    "show_percentage": null,
    "from_recommended_price": null,
    "availability_indicator": 0,
    "online_available": false,
    "min_orderable_quantity": 1,
    "orderable_quantities": [],
    "badge_texts": [
      "V trgovini"
    ],
    "badge_types": [
      "IN_STORE"
    ],
    "main_image": "https://imgproxy-retcat.assets.schwarz/hoTxVNlj3F5dyq6xLzcfayoTyXWZ4ujBd737__K0wYg/sm:1/w:427/h:320/cz/M6Ly9wcm9kLWNhd/GFsb2ctbWVkaWEvaW50LzREMzBERENERTREOUNFNkJEQ0MxM0VGNT/hDQ0Y1NkMxMDEzNjFGRjVFRjNCNEUzRTNCOUNCMjM3OTM0QzI1NzEucG5n.png",
    "image_list": [
      "https://imgproxy-retcat.assets.schwarz/hoTxVNlj3F5dyq6xLzcfayoTyXWZ4ujBd737__K0wYg/sm:1/w:427/h:320/cz/M6Ly9wcm9kLWNhd/GFsb2ctbWVkaWEvaW50LzREMzBERENERTREOUNFNkJEQ0MxM0VGNT/hDQ0Y1NkMxMDEzNjFGRjVFRjNCNEUzRTNCOUNCMjM3OTM0QzI1NzEucG5n.png"
    ],
    "image_accessibility": "Bio kuskus Naravar: embalaža bio kuskusa.",
    "detailed_images": [
      {
        "url": "https://imgproxy-retcat.assets.schwarz/hoTxVNlj3F5dyq6xLzcfayoTyXWZ4ujBd737__K0wYg/sm:1/w:427/h:320/cz/M6Ly9wcm9kLWNhd/GFsb2ctbWVkaWEvaW50LzREMzBERENERTREOUNFNkJEQ0MxM0VGNT/hDQ0Y1NkMxMDEzNjFGRjVFRjNCNEUzRTNCOUNCMjM3OTM0QzI1NzEucG5n.png",
        "accessibility": "Bio kuskus Naravar: embalaža bio kuskusa."
      }
    ],
    "analytics_category": "Food",
    "more_details": "Dodatne podrobnosti o izdelku",
    "won_category_primary": "Svetovi potreb/Hrana in bližnja hrana/Jajca in osnovna živila (testenine, moka, stročnice itd.)",
    "won_category_primary_path": "0/17/1715",
    "canonical_path": "/p/narayan-bio-kuskus/p10078739",
    "canonical_url": "/p/narayan-bio-kuskus/p10078739",
    "awards": [],
    "seals": [],
    "ribbons": [],
    "highlighted_seals": 0,
    "lidl_plus": [],
    "regions": [],
    "ians": [
      "7308155"
    ],
    "show_brand": true,
    "deal_of_day_active": false,
    "full_title_meta": "NARAYAN Bio Kuskus",
    "lists": [
      16
    ],
    "preview": false,
    "category_breadcrumbs": [
      {
        "id": "10068374",
        "name": "Hrana in pijača",
        "url": "/c/hrana-in-pijaca/s10068374",
        "hidden": false
      },
      {
        "id": "10071045",
        "name": "Jajca in osnovna živila",
        "url": "/h/jajca-in-osnovna-zivila/h10071045",
        "hidden": false
      }
    ],
    "campaigns": [
      {
        "id": "10025136",
        "name": "Novo v ponudbi",
        "url": "/c/novo-v-ponudbi/a10025136",
        "hidden": false
      }
    ],
    "world_of_needs_code": "1715",
    "world_of_needs_name": "Jajca in osnovna živila (testenine, moka, stročnice itd.)",
    "world_of_needs_parent": "17",
    "is_main_category": true,
    "super_categories": [
      {
        "code": "17",
        "name": "Hrana in bližnja hrana",
        "parent": "0"
      },
      {
        "code": "0",
        "name": "Svetovi potreb",
        "parent": ""
      }
    ],
    "position": 518,
    "tracking_payload": {
      "searchTrackingMasterId": "Product.10078739",
      "searchTrackingTitle": "Bio+Kuskus",
      "searchTrackingPageSize": 100,
      "searchTrackingPage": 6,
      "searchTrackingEvent": "click",
      "list": "search",
      "searchTrackingId": "Product.10078739",
      "searchTrackingOrigPos": 1,
      "searchTrackingPos": 518,
      "searchTrackingOrigPageSize": 100,
      "searchTrackingChannel": "SI",
      "category": "Food"
    }
  },
  {
    "code": "10078740",
    "name": "Domači suhi ocvirki",
    "url": "",
    "result_class": "product",
    "type": "product",
    "product_id": 10078740,
    "erp_number": "10078740",
    "item_id": 10078740,
    "full_title": "MEASARSTVO OBLAK Domači suhi ocvirki",
    "title": "Domači suhi ocvirki",
    "category": "Food",
    "product_type": "RETAIL",
    "age_restriction": false,
    "is_used_product": false,
    "multipack": false,
    "online": false,
    "store": true,
    "quick_add_to_cart": false,
    "flash_sales": false,
    "having_videos": false,
    "having_threesixty": false,
    "price": 2.89,
    "old_price": 0.0,
    "currency_code": "EUR",
    "currency_symbol": "€",
    "has_star": true,
    "has_vat": false,
    "price_theme": "white_red",
    "variants_have_different_prices": false,
    "base_price_text": "1 kg = 14.45",
    "base_price_prefix": false,
    "packaging_text": "200 g",
    "discount_deleted_price": null,
    "discount_text": null,
    "discount_percentage": null,
    "discount_has_star": null,
    "show_discount": null,
    "show_percentage": null,
    "from_recommended_price": null,
    "availability_indicator": 0,
    "online_available": false,
    "min_orderable_quantity": 1,
    "orderable_quantities": [],
    "badge_texts": [
      "V trgovini"
    ],
    "badge_types": [
      "IN_STORE"
    ],
    "main_image": "https://imgproxy-retcat.assets.schwarz/e6WvnXs2yKQNtmJglYJnbvXiE7rTuh2fycte753WV7w/sm:1/w:427/h:320/cz/M6Ly9wcm9kLWNhd/GFsb2ctbWVkaWEvaW50LzFERjcxQTEwRUU5NEI4RkZFMDI0QkY1OD/gwMTkxNDcyMjY3QUM2MzhCQjJCOUVFRTc1MUQyRkJERDk0NzZDMTUucG5n.png",
    "image_list": [
      "https://imgproxy-retcat.assets.schwarz/e6WvnXs2yKQNtmJglYJnbvXiE7rTuh2fycte753WV7w/sm:1/w:427/h:320/cz/M6Ly9wcm9kLWNhd/GFsb2ctbWVkaWEvaW50LzFERjcxQTEwRUU5NEI4RkZFMDI0QkY1OD/gwMTkxNDcyMjY3QUM2MzhCQjJCOUVFRTc1MUQyRkJERDk0NzZDMTUucG5n.png"
    ],
    "image_accessibility": "Suhi čvarčki Mesarstvo Oblak v plastični posodi.",
    "detailed_images": [
      {
        "url": "https://imgproxy-retcat.assets.schwarz/e6WvnXs2yKQNtmJglYJnbvXiE7rTuh2fycte753WV7w/sm:1/w:427/h:320/cz/M6Ly9wcm9kLWNhd/GFsb2ctbWVkaWEvaW50LzFERjcxQTEwRUU5NEI4RkZFMDI0QkY1OD/gwMTkxNDcyMjY3QUM2MzhCQjJCOUVFRTc1MUQyRkJERDk0NzZDMTUucG5n.png",
        "accessibility": "Suhi čvarčki Mesarstvo Oblak v plastični posodi."
      }
    ],
    "analytics_category": "Food",
    "more_details": "Dodatne podrobnosti o izdelku",
    "won_category_primary": "Svetovi potreb/Hrana in bližnja hrana/Klobase in meso",
    "won_category_primary_path": "0/17/1717",
    "canonical_path": "/p/measarstvo-oblak-domaci-suhi-ocvirki/p10078740",
    "canonical_url": "/p/measarstvo-oblak-domaci-suhi-ocvirki/p10078740",
    "awards": [],
    "seals": [
      {
        "altText": "Nalepka: Hlajeno",
        "image": "https://imgproxy-retcat.assets.schwarz/7x3Iby7aD19hFySDnP2YoXt7E1r0JrvJVj0QO1gUOes/sm:1/w:140/cz/M6Ly9wcm9kLWNhd/GFsb2ctbWVkaWEvc2kvMi8xMzFBN0E2RDlCREZGREQxOEE2OTFDNEZ/FNDE5RTM0QUMxQjY4OEQ0OUY2QTAxMTRDRjQ1RjdCNTNDRjM2NUJBLnBuZw.png"
      }
    ],
    "ribbons": [],
    "highlighted_seals": 0,
    "lidl_plus": [],
    "regions": [],
    "ians": [
      "7308336"
    ],
    "show_brand": true,
    "deal_of_day_active": false,
    "full_title_meta": "MEASARSTVO OBLAK Domači suhi ocvirki",
    "lists": [
      16
    ],
    "preview": false,
    "category_breadcrumbs": [
      {
        "id": "10068374",
        "name": "Hrana in pijača",
        "url": "/c/hrana-in-pijaca/s10068374",
        "hidden": false
      },
      {
        "id": "10071016",
        "name": "Meso in mesni izdelki",
        "url": "/h/meso-in-mesni-izdelki/h10071016",
        "hidden": false
      }
    ],
    "campaigns": [
      {
        "id": "10025136",
        "name": "Novo v ponudbi",
        "url": "/c/novo-v-ponudbi/a10025136",
        "hidden": false
      }
    ],
    "world_of_needs_code": "1717",
    "world_of_needs_name": "Klobase in meso",
    "world_of_needs_parent": "17",
    "is_main_category": true,
    "super_categories": [
      {
        "code": "17",
        "name": "Hrana in bližnja hrana",
        "parent": "0"
      },
      {
        "code": "0",
        "name": "Svetovi potreb",
        "parent": ""
      }
    ],
    "position": 519,
    "tracking_payload": {
      "searchTrackingMasterId": "Product.10078740",
      "searchTrackingTitle": "Doma%C4%8Di+suhi+ocvirki",
      "searchTrackingPageSize": 100,
      "searchTrackingPage": 6,
      "searchTrackingEvent": "click",
      "list": "search",
      "searchTrackingId": "Product.10078740",
      "searchTrackingOrigPos": 1,
      "searchTrackingPos": 519,
      "searchTrackingOrigPageSize": 100,
      "searchTrackingChannel": "SI",
      "category": "Food"
    }
  },
  {
    "code": "10079439",
    "name": "Nabodala s slanino",
    "url": "",
    "result_class": "product",
    "type": "product",
    "product_id": 10079439,
    "erp_number": "10079439",
    "item_id": 10079439,
    "full_title": "ŽAR LEGENDE Nabodala s slanino",
    "title": "Nabodala s slanino",
    "category": "Food",
    "product_type": "RETAIL",
    "age_restriction": false,
    "is_used_product": false,
    "multipack": false,
    "online": false,
    "store": true,
    "quick_add_to_cart": false,
    "flash_sales": false,
    "having_videos": false,
    "having_threesixty": false,
    "price": 4.99,
    "old_price": 0.0,
    "currency_code": "EUR",
    "currency_symbol": "€",
    "has_star": true,
    "has_vat": false,
    "price_theme": "white_red",
    "variants_have_different_prices": false,
    "base_price_text": "1 kg = 10.85",
    "base_price_prefix": false,
    "packaging_text": "460 g",
    "discount_deleted_price": null,
    "discount_text": null,
    "discount_percentage": null,
    "discount_has_star": null,
    "show_discount": null,
    "show_percentage": null,
    "from_recommended_price": null,
    "availability_indicator": 0,
    "online_available": false,
    "min_orderable_quantity": 1,
    "orderable_quantities": [],
    "badge_texts": [
      "V trgovini"
    ],
    "badge_types": [
      "IN_STORE"
    ],
    "main_image": "https://imgproxy-retcat.assets.schwarz/LKbflxwHbx7cjY7iC5V1GQ2QVDgyMUrESeYKHuNOt9s/sm:1/w:427/h:320/cz/M6Ly9wcm9kLWNhd/GFsb2ctbWVkaWEvaW50L0Y2QTY1QTY0QzQ0N0M3NkIyQjJGQzhBQU/UyM0M0Q0ZGMjdGOEQ2RURDOEI4OUY4QzExNTMzNEI5NDFFRDY0MjgucG5n.png",
    "image_list": [
      "https://imgproxy-retcat.assets.schwarz/LKbflxwHbx7cjY7iC5V1GQ2QVDgyMUrESeYKHuNOt9s/sm:1/w:427/h:320/cz/M6Ly9wcm9kLWNhd/GFsb2ctbWVkaWEvaW50L0Y2QTY1QTY0QzQ0N0M3NkIyQjJGQzhBQU/UyM0M0Q0ZGMjdGOEQ2RURDOEI4OUY4QzExNTMzNEI5NDFFRDY0MjgucG5n.png"
    ],
    "image_accessibility": "Marinirani ražnjiči Žar Legende s dimljeno slanino, pripravljeni za žar.",
    "detailed_images": [
      {
        "url": "https://imgproxy-retcat.assets.schwarz/LKbflxwHbx7cjY7iC5V1GQ2QVDgyMUrESeYKHuNOt9s/sm:1/w:427/h:320/cz/M6Ly9wcm9kLWNhd/GFsb2ctbWVkaWEvaW50L0Y2QTY1QTY0QzQ0N0M3NkIyQjJGQzhBQU/UyM0M0Q0ZGMjdGOEQ2RURDOEI4OUY4QzExNTMzNEI5NDFFRDY0MjgucG5n.png",
        "accessibility": "Marinirani ražnjiči Žar Legende s dimljeno slanino, pripravljeni za žar."
      }
    ],
    "analytics_category": "Food",
    "more_details": "Dodatne podrobnosti o izdelku",
    "won_category_primary": "Svetovi potreb/Hrana in bližnja hrana/Klobase in meso",
    "won_category_primary_path": "0/17/1717",
    "canonical_path": "/p/zar-legende-nabodala-s-slanino/p10079439",
    "canonical_url": "/p/zar-legende-nabodala-s-slanino/p10079439",
    "awards": [],
    "seals": [
      {
        "altText": "Nalepka: Hlajeno",
        "image": "https://imgproxy-retcat.assets.schwarz/7x3Iby7aD19hFySDnP2YoXt7E1r0JrvJVj0QO1gUOes/sm:1/w:140/cz/M6Ly9wcm9kLWNhd/GFsb2ctbWVkaWEvc2kvMi8xMzFBN0E2RDlCREZGREQxOEE2OTFDNEZ/FNDE5RTM0QUMxQjY4OEQ0OUY2QTAxMTRDRjQ1RjdCNTNDRjM2NUJBLnBuZw.png"
      }
    ],
    "ribbons": [],
    "highlighted_seals": 0,
    "lidl_plus": [],
    "regions": [],
    "ians": [
      "6904881"
    ],
    "show_brand": true,
    "deal_of_day_active": false,
    "full_title_meta": "ŽAR LEGENDE Nabodala s slanino",
    "lists": [
      16
    ],
    "preview": false,
    "category_breadcrumbs": [
      {
        "id": "10068374",
        "name": "Hrana in pijača",
        "url": "/c/hrana-in-pijaca/s10068374",
        "hidden": false
      },
      {
        "id": "10071016",
        "name": "Meso in mesni izdelki",
        "url": "/h/meso-in-mesni-izdelki/h10071016",
        "hidden": false
      }
    ],
    "campaigns": [
      {
        "id": "10025136",
        "name": "Novo v ponudbi",
        "url": "/c/novo-v-ponudbi/a10025136",
        "hidden": false
      }
    ],
    "world_of_needs_code": "1717",
    "world_of_needs_name": "Klobase in meso",
    "world_of_needs_parent": "17",
    "is_main_category": true,
    "super_categories": [
      {
        "code": "17",
        "name": "Hrana in bližnja hrana",
        "parent": "0"
      },
      {
        "code": "0",
        "name": "Svetovi potreb",
        "parent": ""
      }
    ],
    "position": 520,
    "tracking_payload": {
      "searchTrackingMasterId": "Product.10079439",
      "searchTrackingTitle": "Nabodala+s+slanino",
      "searchTrackingPageSize": 100,
      "searchTrackingPage": 6,
      "searchTrackingEvent": "click",
      "list": "search",
      "searchTrackingId": "Product.10079439",
      "searchTrackingOrigPos": 1,
      "searchTrackingPos": 520,
      "searchTrackingOrigPageSize": 100,
      "searchTrackingChannel": "SI",
      "category": "Food"
    }
  },
  {
    "code": "10079440",
    "name": "Sveži leskovački čevapčiči",
    "url": "",
    "result_class": "product",
    "type": "product",
    "product_id": 10079440,
    "erp_number": "10079440",
    "item_id": 10079440,
    "full_title": "ŽAR LEGENDE Sveži leskovački čevapčiči",
    "title": "Sveži leskovački čevapčiči",
    "category": "Food",
    "product_type": "RETAIL",
    "age_restriction": false,
    "is_used_product": false,
    "multipack": false,
    "online": false,
    "store": true,
    "quick_add_to_cart": false,
    "flash_sales": false,
    "having_videos": false,
    "having_threesixty": false,
    "price": 3.99,
    "old_price": 0.0,
    "currency_code": "EUR",
    "currency_symbol": "€",
    "has_star": true,
    "has_vat": false,
    "price_theme": "white_red",
    "variants_have_different_prices": false,
    "base_price_text": "1 kg = 8.31",
    "base_price_prefix": false,
    "packaging_text": "480 g",
    "discount_deleted_price": null,
    "discount_text": null,
    "discount_percentage": null,
    "discount_has_star": null,
    "show_discount": null,
    "show_percentage": null,
    "from_recommended_price": null,
    "availability_indicator": 0,
    "online_available": false,
    "min_orderable_quantity": 1,
    "orderable_quantities": [],
    "badge_texts": [
      "V trgovini"
    ],
    "badge_types": [
      "IN_STORE"
    ],
    "main_image": "https://imgproxy-retcat.assets.schwarz/aJFMOi9bYdGeCH9dtHJZQ9jTt3Of0ViXc2qQFP7xlLs/sm:1/w:427/h:320/cz/M6Ly9wcm9kLWNhd/GFsb2ctbWVkaWEvaW50L0E5MkRCQjUxOTlEOTdEODU1REQwNjJGMT/Q2RkMwMjMwNkRGQzI5RTUzQjdFMDVCMUM3REE2REY2ODEzODUzMTUucG5n.png",
    "image_list": [
      "https://imgproxy-retcat.assets.schwarz/aJFMOi9bYdGeCH9dtHJZQ9jTt3Of0ViXc2qQFP7xlLs/sm:1/w:427/h:320/cz/M6Ly9wcm9kLWNhd/GFsb2ctbWVkaWEvaW50L0E5MkRCQjUxOTlEOTdEODU1REQwNjJGMT/Q2RkMwMjMwNkRGQzI5RTUzQjdFMDVCMUM3REE2REY2ODEzODUzMTUucG5n.png"
    ],
    "image_accessibility": "Žar Legende čevapčiči v plastični embalaži na žaru.",
    "detailed_images": [
      {
        "url": "https://imgproxy-retcat.assets.schwarz/aJFMOi9bYdGeCH9dtHJZQ9jTt3Of0ViXc2qQFP7xlLs/sm:1/w:427/h:320/cz/M6Ly9wcm9kLWNhd/GFsb2ctbWVkaWEvaW50L0E5MkRCQjUxOTlEOTdEODU1REQwNjJGMT/Q2RkMwMjMwNkRGQzI5RTUzQjdFMDVCMUM3REE2REY2ODEzODUzMTUucG5n.png",
        "accessibility": "Žar Legende čevapčiči v plastični embalaži na žaru."
      }
    ],
    "analytics_category": "Food",
    "more_details": "Dodatne podrobnosti o izdelku",
    "won_category_primary": "Svetovi potreb/Hrana in bližnja hrana/Klobase in meso",
    "won_category_primary_path": "0/17/1717",
    "canonical_path": "/p/zar-legende-svezi-leskovacki-cevapcici/p10079440",
    "canonical_url": "/p/zar-legende-svezi-leskovacki-cevapcici/p10079440",
    "awards": [],
    "seals": [
      {
        "altText": "Slovenski izdelek",
        "image": "https://imgproxy-retcat.assets.schwarz/065GlWscfuyzRNlqdEjgEaZNE6893872XSglFaanlJA/sm:1/w:140/cz/M6Ly9wcm9kLWNhd/GFsb2ctbWVkaWEvc2kvMi83RTk4NkYyRDk1MTlDRUJBNzA1N0JGMzA/1QjA1NjUyRjVCMjMzNzZGRjY4MzVEREFGQzIwQzE5NDVFQUE5M0RCLnBuZw.png"
      }
    ],
    "ribbons": [],
    "highlighted_seals": 0,
    "lidl_plus": [],
    "regions": [],
    "ians": [
      "7308523"
    ],
    "show_brand": true,
    "deal_of_day_active": false,
    "full_title_meta": "ŽAR LEGENDE Sveži leskovački čevapčiči",
    "lists": [
      16
    ],
    "preview": false,
    "category_breadcrumbs": [
      {
        "id": "10068374",
        "name": "Hrana in pijača",
        "url": "/c/hrana-in-pijaca/s10068374",
        "hidden": false
      },
      {
        "id": "10071016",
        "name": "Meso in mesni izdelki",
        "url": "/h/meso-in-mesni-izdelki/h10071016",
        "hidden": false
      }
    ],
    "campaigns": [
      {
        "id": "10025136",
        "name": "Novo v ponudbi",
        "url": "/c/novo-v-ponudbi/a10025136",
        "hidden": false
      }
    ],
    "world_of_needs_code": "1717",
    "world_of_needs_name": "Klobase in meso",
    "world_of_needs_parent": "17",
    "is_main_category": true,
    "super_categories": [
      {
        "code": "17",
        "name": "Hrana in bližnja hrana",
        "parent": "0"
      },
      {
        "code": "0",
        "name": "Svetovi potreb",
        "parent": ""
      }
    ],
    "position": 521,
    "tracking_payload": {
      "searchTrackingMasterId": "Product.10079440",
      "searchTrackingTitle": "Sve%C5%BEi+leskova%C4%8Dki+%C4%8Devap%C4%8Di%C4%8Di",
      "searchTrackingPageSize": 100,
      "searchTrackingPage": 6,
      "searchTrackingEvent": "click",
      "list": "search",
      "searchTrackingId": "Product.10079440",
      "searchTrackingOrigPos": 1,
      "searchTrackingPos": 521,
      "searchTrackingOrigPageSize": 100,
      "searchTrackingChannel": "SI",
      "category": "Food"
    }
  },
  {
    "code": "10079441",
    "name": "Dimljena svinjska rebra",
    "url": "",
    "result_class": "product",
    "type": "product",
    "product_id": 10079441,
    "erp_number": "10079441",
    "item_id": 10079441,
    "full_title": "PIKOK Dimljena svinjska rebra",
    "title": "Dimljena svinjska rebra",
    "category": "Food",
    "product_type": "RETAIL",
    "age_restriction": false,
    "is_used_product": false,
    "multipack": false,
    "online": false,
    "store": true,
    "quick_add_to_cart": false,
    "flash_sales": false,
    "having_videos": false,
    "having_threesixty": false,
    "price": 6.99,
    "old_price": 0.0,
    "currency_code": "EUR",
    "currency_symbol": "€",
    "has_star": true,
    "has_vat": false,
    "price_theme": "white_red",
    "variants_have_different_prices": false,
    "base_price_text": "za kg",
    "base_price_prefix": false,
    "packaging_text": null,
    "discount_deleted_price": null,
    "discount_text": null,
    "discount_percentage": null,
    "discount_has_star": null,
    "show_discount": null,
    "show_percentage": null,
    "from_recommended_price": null,
    "availability_indicator": 0,
    "online_available": false,
    "min_orderable_quantity": 1,
    "orderable_quantities": [],
    "badge_texts": [
      "V trgovini"
    ],
    "badge_types": [
      "IN_STORE"
    ],
    "main_image": "https://imgproxy-retcat.assets.schwarz/W_lSurTIw8VF6hhWr9a31AW3uAzJkjzsuPbdcH_fHZg/sm:1/w:427/h:320/cz/M6Ly9wcm9kLWNhd/GFsb2ctbWVkaWEvaW50Lzc3RTU2QkI5RjZEQUZCRTY2NkM3NTcwNE/IwREZCMUExOEE1NTlGRTAxQzlCMTA3OUQ0NDNFQzFCQzA2NUU3MjAucG5n.png",
    "image_list": [
      "https://imgproxy-retcat.assets.schwarz/W_lSurTIw8VF6hhWr9a31AW3uAzJkjzsuPbdcH_fHZg/sm:1/w:427/h:320/cz/M6Ly9wcm9kLWNhd/GFsb2ctbWVkaWEvaW50Lzc3RTU2QkI5RjZEQUZCRTY2NkM3NTcwNE/IwREZCMUExOEE1NTlGRTAxQzlCMTA3OUQ0NDNFQzFCQzA2NUU3MjAucG5n.png"
    ],
    "image_accessibility": "Pikok dimljena rebra v plastični embalaži.",
    "detailed_images": [
      {
        "url": "https://imgproxy-retcat.assets.schwarz/W_lSurTIw8VF6hhWr9a31AW3uAzJkjzsuPbdcH_fHZg/sm:1/w:427/h:320/cz/M6Ly9wcm9kLWNhd/GFsb2ctbWVkaWEvaW50Lzc3RTU2QkI5RjZEQUZCRTY2NkM3NTcwNE/IwREZCMUExOEE1NTlGRTAxQzlCMTA3OUQ0NDNFQzFCQzA2NUU3MjAucG5n.png",
        "accessibility": "Pikok dimljena rebra v plastični embalaži."
      }
    ],
    "analytics_category": "Food",
    "more_details": "Dodatne podrobnosti o izdelku",
    "won_category_primary": "Svetovi potreb/Hrana in bližnja hrana/Klobase in meso",
    "won_category_primary_path": "0/17/1717",
    "canonical_path": "/p/pikok-dimljena-svinjska-rebra/p10079441",
    "canonical_url": "/p/pikok-dimljena-svinjska-rebra/p10079441",
    "awards": [],
    "seals": [
      {
        "altText": "Nalepka: Hlajeno",
        "image": "https://imgproxy-retcat.assets.schwarz/7x3Iby7aD19hFySDnP2YoXt7E1r0JrvJVj0QO1gUOes/sm:1/w:140/cz/M6Ly9wcm9kLWNhd/GFsb2ctbWVkaWEvc2kvMi8xMzFBN0E2RDlCREZGREQxOEE2OTFDNEZ/FNDE5RTM0QUMxQjY4OEQ0OUY2QTAxMTRDRjQ1RjdCNTNDRjM2NUJBLnBuZw.png"
      }
    ],
    "ribbons": [],
    "highlighted_seals": 0,
    "lidl_plus": [],
    "regions": [],
    "ians": [
      "8642"
    ],
    "show_brand": true,
    "deal_of_day_active": false,
    "full_title_meta": "PIKOK Dimljena svinjska rebra",
    "lists": [
      16
    ],
    "preview": false,
    "category_breadcrumbs": [
      {
        "id": "10068374",
        "name": "Hrana in pijača",
        "url": "/c/hrana-in-pijaca/s10068374",
        "hidden": false
      },
      {
        "id": "10071016",
        "name": "Meso in mesni izdelki",
        "url": "/h/meso-in-mesni-izdelki/h10071016",
        "hidden": false
      }
    ],
    "campaigns": [
      {
        "id": "10025136",
        "name": "Novo v ponudbi",
        "url": "/c/novo-v-ponudbi/a10025136",
        "hidden": false
      }
    ],
    "world_of_needs_code": "1717",
    "world_of_needs_name": "Klobase in meso",
    "world_of_needs_parent": "17",
    "is_main_category": true,
    "super_categories": [
      {
        "code": "17",
        "name": "Hrana in bližnja hrana",
        "parent": "0"
      },
      {
        "code": "0",
        "name": "Svetovi potreb",
        "parent": ""
      }
    ],
    "position": 522,
    "tracking_payload": {
      "searchTrackingMasterId": "Product.10079441",
      "searchTrackingTitle": "Dimljena+svinjska+rebra",
      "searchTrackingPageSize": 100,
      "searchTrackingPage": 6,
      "searchTrackingEvent": "click",
      "list": "search",
      "searchTrackingId": "Product.10079441",
      "searchTrackingOrigPos": 1,
      "searchTrackingPos": 522,
      "searchTrackingOrigPageSize": 100,
      "searchTrackingChannel": "SI",
      "category": "Food"
    }
  },
  {
    "code": "10079442",
    "name": "Mars čokolada",
    "url": "",
    "result_class": "product",
    "type": "product",
    "product_id": 10079442,
    "erp_number": "10079442",
    "item_id": 10079442,
    "full_title": "Mars čokolada",
    "title": "Mars čokolada",
    "category": "Food",
    "product_type": "RETAIL",
    "age_restriction": false,
    "is_used_product": false,
    "multipack": false,
    "online": false,
    "store": true,
    "quick_add_to_cart": false,
    "flash_sales": false,
    "having_videos": false,
    "having_threesixty": false,
    "price": 1.35,
    "old_price": 0.0,
    "currency_code": "EUR",
    "currency_symbol": "€",
    "has_star": true,
    "has_vat": false,
    "price_theme": "white_red",
    "variants_have_different_prices": false,
    "base_price_text": "1 kg = 19.29",
    "base_price_prefix": false,
    "packaging_text": "70 g",
    "discount_deleted_price": null,
    "discount_text": null,
    "discount_percentage": null,
    "discount_has_star": null,
    "show_discount": null,
    "show_percentage": null,
    "from_recommended_price": null,
    "availability_indicator": 0,
    "online_available": false,
    "min_orderable_quantity": 1,
    "orderable_quantities": [],
    "badge_texts": [
      "V trgovini"
    ],
    "badge_types": [
      "IN_STORE"
    ],
    "main_image": "https://imgproxy-retcat.assets.schwarz/5VRlFFiXMAZzRay42bcLqA-W0gtLvKcgvOSWhkkGtyg/sm:1/w:427/h:320/cz/M6Ly9wcm9kLWNhd/GFsb2ctbWVkaWEvaW50L0VGRDBCMEQwNEI2RUE2QUZFMDZCMEI0Qz/gyMDc1MjVEMTQ5MkFBMjVENkVEQkVBQUEwMjA4QTIzQzlCMDJBNzgucG5n.png",
    "image_list": [
      "https://imgproxy-retcat.assets.schwarz/5VRlFFiXMAZzRay42bcLqA-W0gtLvKcgvOSWhkkGtyg/sm:1/w:427/h:320/cz/M6Ly9wcm9kLWNhd/GFsb2ctbWVkaWEvaW50L0VGRDBCMEQwNEI2RUE2QUZFMDZCMEI0Qz/gyMDc1MjVEMTQ5MkFBMjVENkVEQkVBQUEwMjA4QTIzQzlCMDJBNzgucG5n.png"
    ],
    "image_accessibility": "Dve čokoladni tablici Mars.",
    "detailed_images": [
      {
        "url": "https://imgproxy-retcat.assets.schwarz/5VRlFFiXMAZzRay42bcLqA-W0gtLvKcgvOSWhkkGtyg/sm:1/w:427/h:320/cz/M6Ly9wcm9kLWNhd/GFsb2ctbWVkaWEvaW50L0VGRDBCMEQwNEI2RUE2QUZFMDZCMEI0Qz/gyMDc1MjVEMTQ5MkFBMjVENkVEQkVBQUEwMjA4QTIzQzlCMDJBNzgucG5n.png",
        "accessibility": "Dve čokoladni tablici Mars."
      }
    ],
    "analytics_category": "Food",
    "more_details": "Dodatne podrobnosti o izdelku",
    "won_category_primary": "Svetovi potreb/Hrana in bližnja hrana/Prigrizki in slaščice",
    "won_category_primary_path": "0/17/1721",
    "canonical_path": "/p/mars-cokolada/p10079442",
    "canonical_url": "/p/mars-cokolada/p10079442",
    "awards": [],
    "seals": [],
    "ribbons": [],
    "highlighted_seals": 0,
    "lidl_plus": [],
    "regions": [],
    "ians": [
      "204030"
    ],
    "show_brand": false,
    "deal_of_day_active": false,
    "full_title_meta": "Mars čokolada",
    "lists": [
      16
    ],
    "preview": false,
    "category_breadcrumbs": [
      {
        "id": "10068374",
        "name": "Hrana in pijača",
        "url": "/c/hrana-in-pijaca/s10068374",
        "hidden": false
      },
      {
        "id": "10071044",
        "name": "Prigrizki in sladkarije",
        "url": "/h/prigrizki-in-sladkarije/h10071044",
        "hidden": false
      }
    ],
    "campaigns": [
      {
        "id": "10025136",
        "name": "Novo v ponudbi",
        "url": "/c/novo-v-ponudbi/a10025136",
        "hidden": false
      }
    ],
    "world_of_needs_code": "1721",
    "world_of_needs_name": "Prigrizki in slaščice",
    "world_of_needs_parent": "17",
    "is_main_category": true,
    "super_categories": [
      {
        "code": "17",
        "name": "Hrana in bližnja hrana",
        "parent": "0"
      },
      {
        "code": "0",
        "name": "Svetovi potreb",
        "parent": ""
      }
    ],
    "position": 523,
    "tracking_payload": {
      "searchTrackingMasterId": "Product.10079442",
      "searchTrackingTitle": "Mars+%C4%8Dokolada",
      "searchTrackingPageSize": 100,
      "searchTrackingPage": 6,
      "searchTrackingEvent": "click",
      "list": "search",
      "searchTrackingId": "Product.10079442",
      "searchTrackingOrigPos": 1,
      "searchTrackingPos": 523,
      "searchTrackingOrigPageSize": 100,
      "searchTrackingChannel": "SI",
      "category": "Food"
    }
  },
  {
    "code": "10079443",
    "name": "Twix čokolada",
    "url": "",
    "result_class": "product",
    "type": "product",
    "product_id": 10079443,
    "erp_number": "10079443",
    "item_id": 10079443,
    "full_title": "Twix čokolada",
    "title": "Twix čokolada",
    "category": "Food",
    "product_type": "RETAIL",
    "age_restriction": false,
    "is_used_product": false,
    "multipack": false,
    "online": false,
    "store": true,
    "quick_add_to_cart": false,
    "flash_sales": false,
    "having_videos": false,
    "having_threesixty": false,
    "price": 1.29,
    "old_price": 0.0,
    "currency_code": "EUR",
    "currency_symbol": "€",
    "has_star": true,
    "has_vat": false,
    "price_theme": "white_red",
    "variants_have_different_prices": false,
    "base_price_text": "1 kg = 17.20",
    "base_price_prefix": false,
    "packaging_text": "75 g",
    "discount_deleted_price": null,
    "discount_text": null,
    "discount_percentage": null,
    "discount_has_star": null,
    "show_discount": null,
    "show_percentage": null,
    "from_recommended_price": null,
    "availability_indicator": 0,
    "online_available": false,
    "min_orderable_quantity": 1,
    "orderable_quantities": [],
    "badge_texts": [
      "V trgovini"
    ],
    "badge_types": [
      "IN_STORE"
    ],
    "main_image": "https://imgproxy-retcat.assets.schwarz/CyiKy9xakiUQlnyD5X5Q9-j7JKJdWYBwitHDV95aI-8/sm:1/w:427/h:320/cz/M6Ly9wcm9kLWNhd/GFsb2ctbWVkaWEvaW50L0Y4Q0MzMEYwNUIxQjUwOEZCNzg1RUEwMT/NBMTE2MTI0RUI4NzIwRjhBNkQwQkFCN0U5MDA1NzQ2QTk2NzY5RTQucG5n.png",
    "image_list": [
      "https://imgproxy-retcat.assets.schwarz/CyiKy9xakiUQlnyD5X5Q9-j7JKJdWYBwitHDV95aI-8/sm:1/w:427/h:320/cz/M6Ly9wcm9kLWNhd/GFsb2ctbWVkaWEvaW50L0Y4Q0MzMEYwNUIxQjUwOEZCNzg1RUEwMT/NBMTE2MTI0RUI4NzIwRjhBNkQwQkFCN0U5MDA1NzQ2QTk2NzY5RTQucG5n.png"
    ],
    "image_accessibility": "Čokoladna ploščica Twix Xtra.",
    "detailed_images": [
      {
        "url": "https://imgproxy-retcat.assets.schwarz/CyiKy9xakiUQlnyD5X5Q9-j7JKJdWYBwitHDV95aI-8/sm:1/w:427/h:320/cz/M6Ly9wcm9kLWNhd/GFsb2ctbWVkaWEvaW50L0Y4Q0MzMEYwNUIxQjUwOEZCNzg1RUEwMT/NBMTE2MTI0RUI4NzIwRjhBNkQwQkFCN0U5MDA1NzQ2QTk2NzY5RTQucG5n.png",
        "accessibility": "Čokoladna ploščica Twix Xtra."
      }
    ],
    "analytics_category": "Food",
    "more_details": "Dodatne podrobnosti o izdelku",
    "won_category_primary": "Svetovi potreb/Hrana in bližnja hrana/Prigrizki in slaščice",
    "won_category_primary_path": "0/17/1721",
    "canonical_path": "/p/twix-cokolada/p10079443",
    "canonical_url": "/p/twix-cokolada/p10079443",
    "awards": [],
    "seals": [],
    "ribbons": [],
    "highlighted_seals": 0,
    "lidl_plus": [],
    "regions": [],
    "ians": [
      "204054"
    ],
    "show_brand": false,
    "deal_of_day_active": false,
    "full_title_meta": "Twix čokolada",
    "lists": [
      16
    ],
    "preview": false,
    "category_breadcrumbs": [
      {
        "id": "10068374",
        "name": "Hrana in pijača",
        "url": "/c/hrana-in-pijaca/s10068374",
        "hidden": false
      },
      {
        "id": "10071044",
        "name": "Prigrizki in sladkarije",
        "url": "/h/prigrizki-in-sladkarije/h10071044",
        "hidden": false
      }
    ],
    "campaigns": [
      {
        "id": "10025136",
        "name": "Novo v ponudbi",
        "url": "/c/novo-v-ponudbi/a10025136",
        "hidden": false
      }
    ],
    "world_of_needs_code": "1721",
    "world_of_needs_name": "Prigrizki in slaščice",
    "world_of_needs_parent": "17",
    "is_main_category": true,
    "super_categories": [
      {
        "code": "17",
        "name": "Hrana in bližnja hrana",
        "parent": "0"
      },
      {
        "code": "0",
        "name": "Svetovi potreb",
        "parent": ""
      }
    ],
    "position": 524,
    "tracking_payload": {
      "searchTrackingMasterId": "Product.10079443",
      "searchTrackingTitle": "Twix+%C4%8Dokolada",
      "searchTrackingPageSize": 100,
      "searchTrackingPage": 6,
      "searchTrackingEvent": "click",
      "list": "search",
      "searchTrackingId": "Product.10079443",
      "searchTrackingOrigPos": 1,
      "searchTrackingPos": 524,
      "searchTrackingOrigPageSize": 100,
      "searchTrackingChannel": "SI",
      "category": "Food"
    }
  },
  {
    "code": "10079444",
    "name": "Temna čokolada",
    "url": "",
    "result_class": "product",
    "type": "product",
    "product_id": 10079444,
    "erp_number": "10079444",
    "item_id": 10079444,
    "full_title": "Temna čokolada",
    "title": "Temna čokolada",
    "category": "Food",
    "product_type": "RETAIL",
    "age_restriction": false,
    "is_used_product": false,
    "multipack": false,
    "online": false,
    "store": true,
    "quick_add_to_cart": false,
    "flash_sales": false,
    "having_videos": false,
    "having_threesixty": false,
    "price": 0.99,
    "old_price": 0.0,
    "currency_code": "EUR",
    "currency_symbol": "€",
    "has_star": true,
    "has_vat": false,
    "price_theme": "white_red",
    "variants_have_different_prices": false,
    "base_price_text": "1 kg = 9.90",
    "base_price_prefix": false,
    "packaging_text": "100 g",
    "discount_deleted_price": null,
    "discount_text": null,
    "discount_percentage": null,
    "discount_has_star": null,
    "show_discount": null,
    "show_percentage": null,
    "from_recommended_price": null,
    "availability_indicator": 0,
    "online_available": false,
    "min_orderable_quantity": 1,
    "orderable_quantities": [],
    "badge_texts": [
      "V trgovini"
    ],
    "badge_types": [
      "IN_STORE"
    ],
    "main_image": "https://imgproxy-retcat.assets.schwarz/lG10zoIHJIaa_CFDL6TYS68FqaDtOhcHe6vWsjAxKis/sm:1/w:427/h:320/cz/M6Ly9wcm9kLWNhd/GFsb2ctbWVkaWEvaW50L0NCQjc0NkQ1RkU4NTVFMTIxNUQ1NDJDQU/VDN0I4MTZDNTE2QURFQ0RFMDcwRkEwN0NBRTFEQjQwRERBRTIwQUUucG5n.png",
    "image_list": [
      "https://imgproxy-retcat.assets.schwarz/lG10zoIHJIaa_CFDL6TYS68FqaDtOhcHe6vWsjAxKis/sm:1/w:427/h:320/cz/M6Ly9wcm9kLWNhd/GFsb2ctbWVkaWEvaW50L0NCQjc0NkQ1RkU4NTVFMTIxNUQ1NDJDQU/VDN0I4MTZDNTE2QURFQ0RFMDcwRkEwN0NBRTFEQjQwRERBRTIwQUUucG5n.png"
    ],
    "image_accessibility": "100 g temne čokolade.",
    "detailed_images": [
      {
        "url": "https://imgproxy-retcat.assets.schwarz/lG10zoIHJIaa_CFDL6TYS68FqaDtOhcHe6vWsjAxKis/sm:1/w:427/h:320/cz/M6Ly9wcm9kLWNhd/GFsb2ctbWVkaWEvaW50L0NCQjc0NkQ1RkU4NTVFMTIxNUQ1NDJDQU/VDN0I4MTZDNTE2QURFQ0RFMDcwRkEwN0NBRTFEQjQwRERBRTIwQUUucG5n.png",
        "accessibility": "100 g temne čokolade."
      }
    ],
    "analytics_category": "Food",
    "more_details": "Dodatne podrobnosti o izdelku",
    "won_category_primary": "Svetovi potreb/Hrana in bližnja hrana/Prigrizki in slaščice",
    "won_category_primary_path": "0/17/1721",
    "canonical_path": "/p/temna-cokolada/p10079444",
    "canonical_url": "/p/temna-cokolada/p10079444",
    "awards": [],
    "seals": [],
    "ribbons": [],
    "highlighted_seals": 0,
    "lidl_plus": [],
    "regions": [],
    "ians": [
      "5574068"
    ],
    "show_brand": false,
    "deal_of_day_active": false,
    "full_title_meta": "Temna čokolada",
    "lists": [
      16
    ],
    "preview": false,
    "category_breadcrumbs": [
      {
        "id": "10068374",
        "name": "Hrana in pijača",
        "url": "/c/hrana-in-pijaca/s10068374",
        "hidden": false
      },
      {
        "id": "10071044",
        "name": "Prigrizki in sladkarije",
        "url": "/h/prigrizki-in-sladkarije/h10071044",
        "hidden": false
      }
    ],
    "campaigns": [
      {
        "id": "10025136",
        "name": "Novo v ponudbi",
        "url": "/c/novo-v-ponudbi/a10025136",
        "hidden": false
      }
    ],
    "world_of_needs_code": "1721",
    "world_of_needs_name": "Prigrizki in slaščice",
    "world_of_needs_parent": "17",
    "is_main_category": true,
    "super_categories": [
      {
        "code": "17",
        "name": "Hrana in bližnja hrana",
        "parent": "0"
      },
      {
        "code": "0",
        "name": "Svetovi potreb",
        "parent": ""
      }
    ],
    "position": 525,
    "tracking_payload": {
      "searchTrackingMasterId": "Product.10079444",
      "searchTrackingTitle": "Temna+%C4%8Dokolada",
      "searchTrackingPageSize": 100,
      "searchTrackingPage": 6,
      "searchTrackingEvent": "click",
      "list": "search",
      "searchTrackingId": "Product.10079444",
      "searchTrackingOrigPos": 1,
      "searchTrackingPos": 525,
      "searchTrackingOrigPageSize": 100,
      "searchTrackingChannel": "SI",
      "category": "Food"
    }
  },
  {
    "code": "10079445",
    "name": "Energijska pijača",
    "url": "",
    "result_class": "product",
    "type": "product",
    "product_id": 10079445,
    "erp_number": "10079445",
    "item_id": 10079445,
    "full_title": "KONG STRONG Energijska pijača",
    "title": "Energijska pijača",
    "category": "Food",
    "product_type": "RETAIL",
    "age_restriction": false,
    "is_used_product": false,
    "multipack": false,
    "online": false,
    "store": true,
    "quick_add_to_cart": false,
    "flash_sales": false,
    "having_videos": false,
    "having_threesixty": false,
    "price": 0.39,
    "old_price": 0.0,
    "currency_code": "EUR",
    "currency_symbol": "€",
    "has_star": true,
    "has_vat": false,
    "price_theme": "white_red",
    "variants_have_different_prices": false,
    "base_price_text": "1 l = 1.56",
    "base_price_prefix": false,
    "packaging_text": "250 ml",
    "discount_deleted_price": null,
    "discount_text": null,
    "discount_percentage": null,
    "discount_has_star": null,
    "show_discount": null,
    "show_percentage": null,
    "from_recommended_price": null,
    "availability_indicator": 0,
    "online_available": false,
    "min_orderable_quantity": 1,
    "orderable_quantities": [],
    "badge_texts": [
      "V trgovini"
    ],
    "badge_types": [
      "IN_STORE"
    ],
    "main_image": "https://imgproxy-retcat.assets.schwarz/oGKlAPl7Qv13C11fnT6F2MimKwRDPdeEhlA4sa-iUvs/sm:1/w:427/h:320/cz/M6Ly9wcm9kLWNhd/GFsb2ctbWVkaWEvc2kvMS85Rjk2NEIzOTEwNDk5NDgxNkM5MzU0MTY/yNUIwQkQ3OEFDNjM2NTIzM0RGQzkyQzZDQTQxQzIyMUIxMkZFRDRGLmpwZw.jpg",
    "image_list": [
      "https://imgproxy-retcat.assets.schwarz/oGKlAPl7Qv13C11fnT6F2MimKwRDPdeEhlA4sa-iUvs/sm:1/w:427/h:320/cz/M6Ly9wcm9kLWNhd/GFsb2ctbWVkaWEvc2kvMS85Rjk2NEIzOTEwNDk5NDgxNkM5MzU0MTY/yNUIwQkQ3OEFDNjM2NTIzM0RGQzkyQzZDQTQxQzIyMUIxMkZFRDRGLmpwZw.jpg"
    ],
    "image_accessibility": "Kongo tropska energijska pijača v pločevinki.",
    "detailed_images": [
      {
        "url": "https://imgproxy-retcat.assets.schwarz/oGKlAPl7Qv13C11fnT6F2MimKwRDPdeEhlA4sa-iUvs/sm:1/w:427/h:320/cz/M6Ly9wcm9kLWNhd/GFsb2ctbWVkaWEvc2kvMS85Rjk2NEIzOTEwNDk5NDgxNkM5MzU0MTY/yNUIwQkQ3OEFDNjM2NTIzM0RGQzkyQzZDQTQxQzIyMUIxMkZFRDRGLmpwZw.jpg",
        "accessibility": "Kongo tropska energijska pijača v pločevinki."
      }
    ],
    "analytics_category": "Food",
    "more_details": "Dodatne podrobnosti o izdelku",
    "won_category_primary": "Svetovi potreb/Hrana in bližnja hrana/Pijače",
    "won_category_primary_path": "0/17/1720",
    "canonical_path": "/p/kong-strong-energijska-pijaca/p10079445",
    "canonical_url": "/p/kong-strong-energijska-pijaca/p10079445",
    "awards": [],
    "seals": [],
    "ribbons": [],
    "highlighted_seals": 0,
    "lidl_plus": [],
    "regions": [],
    "ians": [
      "6407988"
    ],
    "show_brand": true,
    "deal_of_day_active": false,
    "full_title_meta": "KONG STRONG Energijska pijača",
    "lists": [
      16
    ],
    "preview": false,
    "category_breadcrumbs": [
      {
        "id": "10068374",
        "name": "Hrana in pijača",
        "url": "/c/hrana-in-pijaca/s10068374",
        "hidden": false
      },
      {
        "id": "10071022",
        "name": "Pijače",
        "url": "/h/pijace/h10071022",
        "hidden": false
      }
    ],
    "campaigns": [
      {
        "id": "10025136",
        "name": "Novo v ponudbi",
        "url": "/c/novo-v-ponudbi/a10025136",
        "hidden": false
      }
    ],
    "world_of_needs_code": "1720",
    "world_of_needs_name": "Pijače",
    "world_of_needs_parent": "17",
    "is_main_category": true,
    "super_categories": [
      {
        "code": "17",
        "name": "Hrana in bližnja hrana",
        "parent": "0"
      },
      {
        "code": "0",
        "name": "Svetovi potreb",
        "parent": ""
      }
    ],
    "position": 526,
    "tracking_payload": {
      "searchTrackingMasterId": "Product.10079445",
      "searchTrackingTitle": "Energijska+pija%C4%8Da",
      "searchTrackingPageSize": 100,
      "searchTrackingPage": 6,
      "searchTrackingEvent": "click",
      "list": "search",
      "searchTrackingId": "Product.10079445",
      "searchTrackingOrigPos": 1,
      "searchTrackingPos": 526,
      "searchTrackingOrigPageSize": 100,
      "searchTrackingChannel": "SI",
      "category": "Food"
    }
  },
  {
    "code": "10079446",
    "name": "Gorski čaj",
    "url": "",
    "result_class": "product",
    "type": "product",
    "product_id": 10079446,
    "erp_number": "10079446",
    "item_id": 10079446,
    "full_title": "LORD NELSON Gorski čaj",
    "title": "Gorski čaj",
    "category": "Food",
    "product_type": "RETAIL",
    "age_restriction": false,
    "is_used_product": false,
    "multipack": false,
    "online": false,
    "store": true,
    "quick_add_to_cart": false,
    "flash_sales": false,
    "having_videos": false,
    "having_threesixty": false,
    "price": 1.39,
    "old_price": 0.0,
    "currency_code": "EUR",
    "currency_symbol": "€",
    "has_star": true,
    "has_vat": false,
    "price_theme": "white_red",
    "variants_have_different_prices": false,
    "base_price_text": "1 kg = 17.38",
    "base_price_prefix": false,
    "packaging_text": "40 x 2 g",
    "discount_deleted_price": null,
    "discount_text": null,
    "discount_percentage": null,
    "discount_has_star": null,
    "show_discount": null,
    "show_percentage": null,
    "from_recommended_price": null,
    "availability_indicator": 0,
    "online_available": false,
    "min_orderable_quantity": 1,
    "orderable_quantities": [],
    "badge_texts": [
      "V trgovini"
    ],
    "badge_types": [
      "IN_STORE"
    ],
    "main_image": "https://imgproxy-retcat.assets.schwarz/Qjx7Q8lkPRiZxWDNp2wBkToTFFwBKJbM4AODTzTIVwQ/sm:1/w:427/h:320/cz/M6Ly9wcm9kLWNhd/GFsb2ctbWVkaWEvaW50L0NFQ0E4MjMyMjNGOTg2Qjk4REEyNDlCM0/NGQ0U3M0E5RTg5MzdCOEI1RUY2NkNCRjdFMUI1NzQwRjUyOUE4N0EucG5n.png",
    "image_list": [
      "https://imgproxy-retcat.assets.schwarz/Qjx7Q8lkPRiZxWDNp2wBkToTFFwBKJbM4AODTzTIVwQ/sm:1/w:427/h:320/cz/M6Ly9wcm9kLWNhd/GFsb2ctbWVkaWEvaW50L0NFQ0E4MjMyMjNGOTg2Qjk4REEyNDlCM0/NGQ0U3M0E5RTg5MzdCOEI1RUY2NkNCRjdFMUI1NzQwRjUyOUE4N0EucG5n.png"
    ],
    "image_accessibility": "Lord Nelson Gorski čaj: 40 vrečk zeliščnega čaja.",
    "detailed_images": [
      {
        "url": "https://imgproxy-retcat.assets.schwarz/Qjx7Q8lkPRiZxWDNp2wBkToTFFwBKJbM4AODTzTIVwQ/sm:1/w:427/h:320/cz/M6Ly9wcm9kLWNhd/GFsb2ctbWVkaWEvaW50L0NFQ0E4MjMyMjNGOTg2Qjk4REEyNDlCM0/NGQ0U3M0E5RTg5MzdCOEI1RUY2NkNCRjdFMUI1NzQwRjUyOUE4N0EucG5n.png",
        "accessibility": "Lord Nelson Gorski čaj: 40 vrečk zeliščnega čaja."
      }
    ],
    "analytics_category": "Food",
    "more_details": "Dodatne podrobnosti o izdelku",
    "won_category_primary": "Svetovi potreb/Hrana in bližnja hrana/Kava, čaj in kakav",
    "won_category_primary_path": "0/17/1730",
    "canonical_path": "/p/lord-nelson-gorski-caj/p10079446",
    "canonical_url": "/p/lord-nelson-gorski-caj/p10079446",
    "awards": [],
    "seals": [],
    "ribbons": [],
    "highlighted_seals": 0,
    "lidl_plus": [],
    "regions": [],
    "ians": [
      "6908673"
    ],
    "show_brand": true,
    "deal_of_day_active": false,
    "full_title_meta": "LORD NELSON Gorski čaj",
    "lists": [
      16
    ],
    "preview": false,
    "category_breadcrumbs": [
      {
        "id": "10068374",
        "name": "Hrana in pijača",
        "url": "/c/hrana-in-pijaca/s10068374",
        "hidden": false
      },
      {
        "id": "10071683",
        "name": "Kava, čaj in kakav",
        "url": "/h/kava-caj-in-kakav/h10071683",
        "hidden": false
      }
    ],
    "campaigns": [
      {
        "id": "10025136",
        "name": "Novo v ponudbi",
        "url": "/c/novo-v-ponudbi/a10025136",
        "hidden": false
      }
    ],
    "world_of_needs_code": "1730",
    "world_of_needs_name": "Kava, čaj in kakav",
    "world_of_needs_parent": "17",
    "is_main_category": true,
    "super_categories": [
      {
        "code": "17",
        "name": "Hrana in bližnja hrana",
        "parent": "0"
      },
      {
        "code": "0",
        "name": "Svetovi potreb",
        "parent": ""
      }
    ],
    "position": 527,
    "tracking_payload": {
      "searchTrackingMasterId": "Product.10079446",
      "searchTrackingTitle": "Gorski+%C4%8Daj",
      "searchTrackingPageSize": 100,
      "searchTrackingPage": 6,
      "searchTrackingEvent": "click",
      "list": "search",
      "searchTrackingId": "Product.10079446",
      "searchTrackingOrigPos": 1,
      "searchTrackingPos": 527,
      "searchTrackingOrigPageSize": 100,
      "searchTrackingChannel": "SI",
      "category": "Food"
    }
  },
  {
    "code": "10079447",
    "name": "Pomarančni napitek",
    "url": "",
    "result_class": "product",
    "type": "product",
    "product_id": 10079447,
    "erp_number": "10079447",
    "item_id": 10079447,
    "full_title": "SOLEVITA Pomarančni napitek",
    "title": "Pomarančni napitek",
    "category": "Food",
    "product_type": "RETAIL",
    "age_restriction": false,
    "is_used_product": false,
    "multipack": false,
    "online": false,
    "store": true,
    "quick_add_to_cart": false,
    "flash_sales": false,
    "having_videos": false,
    "having_threesixty": false,
    "price": 1.49,
    "old_price": 0.0,
    "currency_code": "EUR",
    "currency_symbol": "€",
    "has_star": true,
    "has_vat": false,
    "price_theme": "white_red",
    "variants_have_different_prices": false,
    "base_price_text": null,
    "base_price_prefix": null,
    "packaging_text": "5 x 0,2 l",
    "discount_deleted_price": null,
    "discount_text": null,
    "discount_percentage": null,
    "discount_has_star": null,
    "show_discount": null,
    "show_percentage": null,
    "from_recommended_price": null,
    "availability_indicator": 0,
    "online_available": false,
    "min_orderable_quantity": 1,
    "orderable_quantities": [],
    "badge_texts": [
      "V trgovini"
    ],
    "badge_types": [
      "IN_STORE"
    ],
    "main_image": "https://imgproxy-retcat.assets.schwarz/zh3JBfeKvwBgFS6EEPt2RXbqOzsdhUIcg2MvIII05VY/sm:1/w:427/h:320/cz/M6Ly9wcm9kLWNhd/GFsb2ctbWVkaWEvaW50LzU4MzMyQ0RDOTE4NTkyMDI4Nzg5MjRBQT/VBODdERDcwMDk3NzQ0MUZCOEREMjA4NUUwNjlFNTVDMUE3MkVDNzEucG5n.png",
    "image_list": [
      "https://imgproxy-retcat.assets.schwarz/zh3JBfeKvwBgFS6EEPt2RXbqOzsdhUIcg2MvIII05VY/sm:1/w:427/h:320/cz/M6Ly9wcm9kLWNhd/GFsb2ctbWVkaWEvaW50LzU4MzMyQ0RDOTE4NTkyMDI4Nzg5MjRBQT/VBODdERDcwMDk3NzQ0MUZCOEREMjA4NUUwNjlFNTVDMUE3MkVDNzEucG5n.png",
      "https://imgproxy-retcat.assets.schwarz/ImkRrEFKhVL67KkmglII0gBhOVAsLTh0UUC1ZO53UjQ/sm:1/w:427/h:320/cz/M6Ly9wcm9kLWNhd/GFsb2ctbWVkaWEvaW50LzExM0U1NjAyMDI3QjYyM0U2NDM1REZDMD/A0MDdBMDAwQjg2RjQwNzEwQzJCQThDODYyNzdCQ0JBMEJCNTU0NEEucG5n.png"
    ],
    "image_accessibility": "Pakiranje pomarančnega soka Solevita, 0,2l.",
    "detailed_images": [
      {
        "url": "https://imgproxy-retcat.assets.schwarz/zh3JBfeKvwBgFS6EEPt2RXbqOzsdhUIcg2MvIII05VY/sm:1/w:427/h:320/cz/M6Ly9wcm9kLWNhd/GFsb2ctbWVkaWEvaW50LzU4MzMyQ0RDOTE4NTkyMDI4Nzg5MjRBQT/VBODdERDcwMDk3NzQ0MUZCOEREMjA4NUUwNjlFNTVDMUE3MkVDNzEucG5n.png",
        "accessibility": "Pakiranje pomarančnega soka Solevita, 0,2l."
      },
      {
        "url": "https://imgproxy-retcat.assets.schwarz/ImkRrEFKhVL67KkmglII0gBhOVAsLTh0UUC1ZO53UjQ/sm:1/w:427/h:320/cz/M6Ly9wcm9kLWNhd/GFsb2ctbWVkaWEvaW50LzExM0U1NjAyMDI3QjYyM0U2NDM1REZDMD/A0MDdBMDAwQjg2RjQwNzEwQzJCQThDODYyNzdCQ0JBMEJCNTU0NEEucG5n.png",
        "accessibility": "Solevita pomarančni sok, 0,2l, veganski."
      }
    ],
    "analytics_category": "Food",
    "more_details": "Dodatne podrobnosti o izdelku",
    "won_category_primary": "Svetovi potreb/Hrana in bližnja hrana/Pijače",
    "won_category_primary_path": "0/17/1720",
    "canonical_path": "/p/solevita-pomarancni-napitek/p10079447",
    "canonical_url": "/p/solevita-pomarancni-napitek/p10079447",
    "awards": [],
    "seals": [
      {
        "altText": "Veganski certifikat V-Label International",
        "image": "https://imgproxy-retcat.assets.schwarz/DMlGWAmsoWdVtAV0sxUiiXBfaYpIEPgxqYG2PwNhb_U/sm:1/w:140/cz/M6Ly9wcm9kLWNhd/GFsb2ctbWVkaWEvc2kvMi82RjZFMUM5MzcyMTc5OENFQUU5Nzk3QkJ/DMTRBNjU2QzVCNzA3QjlBRTE2RDI0QjYwNTk0OUFGMUMyOTJDRTQyLnBuZw.png"
      }
    ],
    "ribbons": [],
    "highlighted_seals": 0,
    "lidl_plus": [],
    "regions": [],
    "ians": [
      "19374"
    ],
    "show_brand": true,
    "deal_of_day_active": false,
    "full_title_meta": "SOLEVITA Pomarančni napitek",
    "lists": [
      16
    ],
    "preview": false,
    "category_breadcrumbs": [
      {
        "id": "10068374",
        "name": "Hrana in pijača",
        "url": "/c/hrana-in-pijaca/s10068374",
        "hidden": false
      },
      {
        "id": "10071022",
        "name": "Pijače",
        "url": "/h/pijace/h10071022",
        "hidden": false
      }
    ],
    "campaigns": [
      {
        "id": "10025136",
        "name": "Novo v ponudbi",
        "url": "/c/novo-v-ponudbi/a10025136",
        "hidden": false
      }
    ],
    "world_of_needs_code": "1720",
    "world_of_needs_name": "Pijače",
    "world_of_needs_parent": "17",
    "is_main_category": true,
    "super_categories": [
      {
        "code": "17",
        "name": "Hrana in bližnja hrana",
        "parent": "0"
      },
      {
        "code": "0",
        "name": "Svetovi potreb",
        "parent": ""
      }
    ],
    "position": 528,
    "tracking_payload": {
      "searchTrackingMasterId": "Product.10079447",
      "searchTrackingTitle": "Pomaran%C4%8Dni+napitek",
      "searchTrackingPageSize": 100,
      "searchTrackingPage": 6,
      "searchTrackingEvent": "click",
      "list": "search",
      "searchTrackingId": "Product.10079447",
      "searchTrackingOrigPos": 1,
      "searchTrackingPos": 528,
      "searchTrackingOrigPageSize": 100,
      "searchTrackingChannel": "SI",
      "category": "Food"
    }
  },
  {
    "code": "10079448",
    "name": "Spomladanska juha z rezanci",
    "url": "",
    "result_class": "product",
    "type": "product",
    "product_id": 10079448,
    "erp_number": "10079448",
    "item_id": 10079448,
    "full_title": "KANIA Spomladanska juha z rezanci",
    "title": "Spomladanska juha z rezanci",
    "category": "Food",
    "product_type": "RETAIL",
    "age_restriction": false,
    "is_used_product": false,
    "multipack": false,
    "online": false,
    "store": true,
    "quick_add_to_cart": false,
    "flash_sales": false,
    "having_videos": false,
    "having_threesixty": false,
    "price": 0.49,
    "old_price": 0.0,
    "currency_code": "EUR",
    "currency_symbol": "€",
    "has_star": true,
    "has_vat": false,
    "price_theme": "white_red",
    "variants_have_different_prices": false,
    "base_price_text": "1 kg = 7.42",
    "base_price_prefix": false,
    "packaging_text": "66 g",
    "discount_deleted_price": null,
    "discount_text": null,
    "discount_percentage": null,
    "discount_has_star": null,
    "show_discount": null,
    "show_percentage": null,
    "from_recommended_price": null,
    "availability_indicator": 0,
    "online_available": false,
    "min_orderable_quantity": 1,
    "orderable_quantities": [],
    "badge_texts": [
      "V trgovini"
    ],
    "badge_types": [
      "IN_STORE"
    ],
    "main_image": "https://imgproxy-retcat.assets.schwarz/Fc8zbOIU_Y2D63aTOkCVI-u9TEe-dxWsN2sZYsj6cTQ/sm:1/w:427/h:320/cz/M6Ly9wcm9kLWNhd/GFsb2ctbWVkaWEvaW50L0IxN0NGQjE3Njc5RkVFRDc2MkQ0MTgwNz/EwMjg2QTkwRUU1RUZFNDc0RDQ4NjU3QkExRjg0QTc4QTY3NEQzRDYucG5n.png",
    "image_list": [
      "https://imgproxy-retcat.assets.schwarz/Fc8zbOIU_Y2D63aTOkCVI-u9TEe-dxWsN2sZYsj6cTQ/sm:1/w:427/h:320/cz/M6Ly9wcm9kLWNhd/GFsb2ctbWVkaWEvaW50L0IxN0NGQjE3Njc5RkVFRDc2MkQ0MTgwNz/EwMjg2QTkwRUU1RUZFNDc0RDQ4NjU3QkExRjg0QTc4QTY3NEQzRDYucG5n.png"
    ],
    "image_accessibility": "Kania spomladanska juha: pakiranje juhe z rezanci.",
    "detailed_images": [
      {
        "url": "https://imgproxy-retcat.assets.schwarz/Fc8zbOIU_Y2D63aTOkCVI-u9TEe-dxWsN2sZYsj6cTQ/sm:1/w:427/h:320/cz/M6Ly9wcm9kLWNhd/GFsb2ctbWVkaWEvaW50L0IxN0NGQjE3Njc5RkVFRDc2MkQ0MTgwNz/EwMjg2QTkwRUU1RUZFNDc0RDQ4NjU3QkExRjg0QTc4QTY3NEQzRDYucG5n.png",
        "accessibility": "Kania spomladanska juha: pakiranje juhe z rezanci."
      }
    ],
    "analytics_category": "Food",
    "more_details": "Dodatne podrobnosti o izdelku",
    "won_category_primary": "Svetovi potreb/Hrana in bližnja hrana/Pripravljene jedi (razen zamrznjene pice itd. in pekovskih izdelkov)",
    "won_category_primary_path": "0/17/1711",
    "canonical_path": "/p/kania-spomladanska-juha-z-rezanci/p10079448",
    "canonical_url": "/p/kania-spomladanska-juha-z-rezanci/p10079448",
    "awards": [],
    "seals": [],
    "ribbons": [],
    "highlighted_seals": 0,
    "lidl_plus": [],
    "regions": [],
    "ians": [
      "121215"
    ],
    "show_brand": true,
    "deal_of_day_active": false,
    "full_title_meta": "KANIA Spomladanska juha z rezanci",
    "lists": [
      16
    ],
    "preview": false,
    "category_breadcrumbs": [
      {
        "id": "10068374",
        "name": "Hrana in pijača",
        "url": "/c/hrana-in-pijaca/s10068374",
        "hidden": false
      },
      {
        "id": "10071020",
        "name": "Gotove jed",
        "url": "/h/gotove-jed/h10071020",
        "hidden": false
      }
    ],
    "campaigns": [
      {
        "id": "10025136",
        "name": "Novo v ponudbi",
        "url": "/c/novo-v-ponudbi/a10025136",
        "hidden": false
      }
    ],
    "world_of_needs_code": "1711",
    "world_of_needs_name": "Pripravljene jedi (razen zamrznjene pice itd. in pekovskih izdelkov)",
    "world_of_needs_parent": "17",
    "is_main_category": true,
    "super_categories": [
      {
        "code": "17",
        "name": "Hrana in bližnja hrana",
        "parent": "0"
      },
      {
        "code": "0",
        "name": "Svetovi potreb",
        "parent": ""
      }
    ],
    "position": 529,
    "tracking_payload": {
      "searchTrackingMasterId": "Product.10079448",
      "searchTrackingTitle": "Spomladanska+juha+z+rezanci",
      "searchTrackingPageSize": 100,
      "searchTrackingPage": 6,
      "searchTrackingEvent": "click",
      "list": "search",
      "searchTrackingId": "Product.10079448",
      "searchTrackingOrigPos": 1,
      "searchTrackingPos": 529,
      "searchTrackingOrigPageSize": 100,
      "searchTrackingChannel": "SI",
      "category": "Food"
    }
  },
  {
    "code": "10079449",
    "name": "Goveja juha s testeninami",
    "url": "",
    "result_class": "product",
    "type": "product",
    "product_id": 10079449,
    "erp_number": "10079449",
    "item_id": 10079449,
    "full_title": "KANIA Goveja juha s testeninami",
    "title": "Goveja juha s testeninami",
    "category": "Food",
    "product_type": "RETAIL",
    "age_restriction": false,
    "is_used_product": false,
    "multipack": false,
    "online": false,
    "store": true,
    "quick_add_to_cart": false,
    "flash_sales": false,
    "having_videos": false,
    "having_threesixty": false,
    "price": 0.49,
    "old_price": 0.0,
    "currency_code": "EUR",
    "currency_symbol": "€",
    "has_star": true,
    "has_vat": false,
    "price_theme": "white_red",
    "variants_have_different_prices": false,
    "base_price_text": "1 kg = 7.66",
    "base_price_prefix": false,
    "packaging_text": "64 g",
    "discount_deleted_price": null,
    "discount_text": null,
    "discount_percentage": null,
    "discount_has_star": null,
    "show_discount": null,
    "show_percentage": null,
    "from_recommended_price": null,
    "availability_indicator": 0,
    "online_available": false,
    "min_orderable_quantity": 1,
    "orderable_quantities": [],
    "badge_texts": [
      "V trgovini"
    ],
    "badge_types": [
      "IN_STORE"
    ],
    "main_image": "https://imgproxy-retcat.assets.schwarz/0DlXTmh4R7hxjFmo5WCbNq4LL2si0RvEixoouguAPFA/sm:1/w:427/h:320/cz/M6Ly9wcm9kLWNhd/GFsb2ctbWVkaWEvaW50LzJBNjg4QURCOTIyODUyMjA2NUE3REM5OD/BCNUY3RkIzMTA4N0RFMTZEM0Q5NzAzRUQzMzZGQjZGNTkyMDMwNTEucG5n.png",
    "image_list": [
      "https://imgproxy-retcat.assets.schwarz/0DlXTmh4R7hxjFmo5WCbNq4LL2si0RvEixoouguAPFA/sm:1/w:427/h:320/cz/M6Ly9wcm9kLWNhd/GFsb2ctbWVkaWEvaW50LzJBNjg4QURCOTIyODUyMjA2NUE3REM5OD/BCNUY3RkIzMTA4N0RFMTZEM0Q5NzAzRUQzMzZGQjZGNTkyMDMwNTEucG5n.png"
    ],
    "image_accessibility": "Kania goveja juha, brez konzervansov in barvil.",
    "detailed_images": [
      {
        "url": "https://imgproxy-retcat.assets.schwarz/0DlXTmh4R7hxjFmo5WCbNq4LL2si0RvEixoouguAPFA/sm:1/w:427/h:320/cz/M6Ly9wcm9kLWNhd/GFsb2ctbWVkaWEvaW50LzJBNjg4QURCOTIyODUyMjA2NUE3REM5OD/BCNUY3RkIzMTA4N0RFMTZEM0Q5NzAzRUQzMzZGQjZGNTkyMDMwNTEucG5n.png",
        "accessibility": "Kania goveja juha, brez konzervansov in barvil."
      }
    ],
    "analytics_category": "Food",
    "more_details": "Dodatne podrobnosti o izdelku",
    "won_category_primary": "Svetovi potreb/Hrana in bližnja hrana/Pripravljene jedi (razen zamrznjene pice itd. in pekovskih izdelkov)",
    "won_category_primary_path": "0/17/1711",
    "canonical_path": "/p/kania-goveja-juha-s-testeninami/p10079449",
    "canonical_url": "/p/kania-goveja-juha-s-testeninami/p10079449",
    "awards": [],
    "seals": [],
    "ribbons": [],
    "highlighted_seals": 0,
    "lidl_plus": [],
    "regions": [],
    "ians": [
      "121218"
    ],
    "show_brand": true,
    "deal_of_day_active": false,
    "full_title_meta": "KANIA Goveja juha s testeninami",
    "lists": [
      16
    ],
    "preview": false,
    "category_breadcrumbs": [
      {
        "id": "10068374",
        "name": "Hrana in pijača",
        "url": "/c/hrana-in-pijaca/s10068374",
        "hidden": false
      },
      {
        "id": "10071020",
        "name": "Gotove jed",
        "url": "/h/gotove-jed/h10071020",
        "hidden": false
      }
    ],
    "campaigns": [
      {
        "id": "10025136",
        "name": "Novo v ponudbi",
        "url": "/c/novo-v-ponudbi/a10025136",
        "hidden": false
      }
    ],
    "world_of_needs_code": "1711",
    "world_of_needs_name": "Pripravljene jedi (razen zamrznjene pice itd. in pekovskih izdelkov)",
    "world_of_needs_parent": "17",
    "is_main_category": true,
    "super_categories": [
      {
        "code": "17",
        "name": "Hrana in bližnja hrana",
        "parent": "0"
      },
      {
        "code": "0",
        "name": "Svetovi potreb",
        "parent": ""
      }
    ],
    "position": 530,
    "tracking_payload": {
      "searchTrackingMasterId": "Product.10079449",
      "searchTrackingTitle": "Goveja+juha+s+testeninami",
      "searchTrackingPageSize": 100,
      "searchTrackingPage": 6,
      "searchTrackingEvent": "click",
      "list": "search",
      "searchTrackingId": "Product.10079449",
      "searchTrackingOrigPos": 1,
      "searchTrackingPos": 530,
      "searchTrackingOrigPageSize": 100,
      "searchTrackingChannel": "SI",
      "category": "Food"
    }
  },
  {
    "code": "10079450",
    "name": "Hugo",
    "url": "",
    "result_class": "product",
    "type": "product",
    "product_id": 10079450,
    "erp_number": "10079450",
    "item_id": 10079450,
    "full_title": "ALLINI Hugo",
    "title": "Hugo",
    "category": "Food",
    "product_type": "RETAIL",
    "age_restriction": false,
    "is_used_product": false,
    "multipack": false,
    "online": false,
    "store": true,
    "quick_add_to_cart": false,
    "flash_sales": false,
    "having_videos": false,
    "having_threesixty": false,
    "price": 1.99,
    "old_price": 0.0,
    "currency_code": "EUR",
    "currency_symbol": "€",
    "has_star": true,
    "has_vat": false,
    "price_theme": "white_red",
    "variants_have_different_prices": false,
    "base_price_text": "1 l = 2.65",
    "base_price_prefix": false,
    "packaging_text": "0,75 l",
    "discount_deleted_price": null,
    "discount_text": null,
    "discount_percentage": null,
    "discount_has_star": null,
    "show_discount": null,
    "show_percentage": null,
    "from_recommended_price": null,
    "availability_indicator": 0,
    "online_available": false,
    "min_orderable_quantity": 1,
    "orderable_quantities": [],
    "badge_texts": [
      "V trgovini"
    ],
    "badge_types": [
      "IN_STORE"
    ],
    "main_image": "https://imgproxy-retcat.assets.schwarz/AfmPHUs-bjobjxPxkce5p_pEY7EjYVoG1u0_GdKfqog/sm:1/w:427/h:320/cz/M6Ly9wcm9kLWNhd/GFsb2ctbWVkaWEvaW50LzA0NzE0MjZFNkFGRjcyQjRDOTNENDg2MT/kzOEFBREFDOTcyMjYwQ0JFRkM3OUFBM0YwOTMzRTdEMDc5OEI5QjYucG5n.png",
    "image_list": [
      "https://imgproxy-retcat.assets.schwarz/AfmPHUs-bjobjxPxkce5p_pEY7EjYVoG1u0_GdKfqog/sm:1/w:427/h:320/cz/M6Ly9wcm9kLWNhd/GFsb2ctbWVkaWEvaW50LzA0NzE0MjZFNkFGRjcyQjRDOTNENDg2MT/kzOEFBREFDOTcyMjYwQ0JFRkM3OUFBM0YwOTMzRTdEMDc5OEI5QjYucG5n.png"
    ],
    "image_accessibility": "Steklenica Hugo mango frizzante.",
    "detailed_images": [
      {
        "url": "https://imgproxy-retcat.assets.schwarz/AfmPHUs-bjobjxPxkce5p_pEY7EjYVoG1u0_GdKfqog/sm:1/w:427/h:320/cz/M6Ly9wcm9kLWNhd/GFsb2ctbWVkaWEvaW50LzA0NzE0MjZFNkFGRjcyQjRDOTNENDg2MT/kzOEFBREFDOTcyMjYwQ0JFRkM3OUFBM0YwOTMzRTdEMDc5OEI5QjYucG5n.png",
        "accessibility": "Steklenica Hugo mango frizzante."
      }
    ],
    "analytics_category": "Food",
    "more_details": "Dodatne podrobnosti o izdelku",
    "won_category_primary": "Svetovi potreb/Hrana in bližnja hrana/Pijače",
    "won_category_primary_path": "0/17/1720",
    "canonical_path": "/p/allini-hugo/p10079450",
    "canonical_url": "/p/allini-hugo/p10079450",
    "awards": [],
    "seals": [],
    "ribbons": [],
    "highlighted_seals": 0,
    "lidl_plus": [],
    "regions": [],
    "ians": [
      "130416"
    ],
    "show_brand": true,
    "deal_of_day_active": false,
    "full_title_meta": "ALLINI Hugo",
    "lists": [
      16
    ],
    "preview": false,
    "category_breadcrumbs": [
      {
        "id": "10068374",
        "name": "Hrana in pijača",
        "url": "/c/hrana-in-pijaca/s10068374",
        "hidden": false
      },
      {
        "id": "10071022",
        "name": "Pijače",
        "url": "/h/pijace/h10071022",
        "hidden": false
      }
    ],
    "campaigns": [
      {
        "id": "10025136",
        "name": "Novo v ponudbi",
        "url": "/c/novo-v-ponudbi/a10025136",
        "hidden": false
      }
    ],
    "world_of_needs_code": "1720",
    "world_of_needs_name": "Pijače",
    "world_of_needs_parent": "17",
    "is_main_category": true,
    "super_categories": [
      {
        "code": "17",
        "name": "Hrana in bližnja hrana",
        "parent": "0"
      },
      {
        "code": "0",
        "name": "Svetovi potreb",
        "parent": ""
      }
    ],
    "position": 531,
    "tracking_payload": {
      "searchTrackingMasterId": "Product.10079450",
      "searchTrackingTitle": "Hugo",
      "searchTrackingPageSize": 100,
      "searchTrackingPage": 6,
      "searchTrackingEvent": "click",
      "list": "search",
      "searchTrackingId": "Product.10079450",
      "searchTrackingOrigPos": 1,
      "searchTrackingPos": 531,
      "searchTrackingOrigPageSize": 100,
      "searchTrackingChannel": "SI",
      "category": "Food"
    }
  },
  {
    "code": "10079451",
    "name": "Proteinske tortilje",
    "url": "",
    "result_class": "product",
    "type": "product",
    "product_id": 10079451,
    "erp_number": "10079451",
    "item_id": 10079451,
    "full_title": "SNACK DAY Proteinske tortilje",
    "title": "Proteinske tortilje",
    "category": "Food",
    "product_type": "RETAIL",
    "age_restriction": false,
    "is_used_product": false,
    "multipack": false,
    "online": false,
    "store": true,
    "quick_add_to_cart": false,
    "flash_sales": false,
    "having_videos": false,
    "having_threesixty": false,
    "price": 1.69,
    "old_price": 0.0,
    "currency_code": "EUR",
    "currency_symbol": "€",
    "has_star": true,
    "has_vat": false,
    "price_theme": "white_red",
    "variants_have_different_prices": false,
    "base_price_text": "1 kg = 5.28",
    "base_price_prefix": false,
    "packaging_text": "320 g",
    "discount_deleted_price": null,
    "discount_text": null,
    "discount_percentage": null,
    "discount_has_star": null,
    "show_discount": null,
    "show_percentage": null,
    "from_recommended_price": null,
    "availability_indicator": 0,
    "online_available": false,
    "min_orderable_quantity": 1,
    "orderable_quantities": [],
    "badge_texts": [
      "V trgovini"
    ],
    "badge_types": [
      "IN_STORE"
    ],
    "main_image": "https://imgproxy-retcat.assets.schwarz/vXEkbdf4iXHEuOkhHOPq6SnaAQ7zPxrC50OoE3GHcYQ/sm:1/w:427/h:320/cz/M6Ly9wcm9kLWNhd/GFsb2ctbWVkaWEvaW50LzQzNUQ2RkE5REY5NjExOEMwOEI4REQ3QT/NDMDM2RTBDMjY1MTZENjFCQTZENDAzMzM0MzZDQjczNzE4QUIwRDgucG5n.png",
    "image_list": [
      "https://imgproxy-retcat.assets.schwarz/vXEkbdf4iXHEuOkhHOPq6SnaAQ7zPxrC50OoE3GHcYQ/sm:1/w:427/h:320/cz/M6Ly9wcm9kLWNhd/GFsb2ctbWVkaWEvaW50LzQzNUQ2RkE5REY5NjExOEMwOEI4REQ3QT/NDMDM2RTBDMjY1MTZENjFCQTZENDAzMzM0MzZDQjczNzE4QUIwRDgucG5n.png"
    ],
    "image_accessibility": "Snack Day: 8 ovitkov z visoko vsebnostjo beljakovin (18,9 g na 100 g).",
    "detailed_images": [
      {
        "url": "https://imgproxy-retcat.assets.schwarz/vXEkbdf4iXHEuOkhHOPq6SnaAQ7zPxrC50OoE3GHcYQ/sm:1/w:427/h:320/cz/M6Ly9wcm9kLWNhd/GFsb2ctbWVkaWEvaW50LzQzNUQ2RkE5REY5NjExOEMwOEI4REQ3QT/NDMDM2RTBDMjY1MTZENjFCQTZENDAzMzM0MzZDQjczNzE4QUIwRDgucG5n.png",
        "accessibility": "Snack Day: 8 ovitkov z visoko vsebnostjo beljakovin (18,9 g na 100 g)."
      }
    ],
    "analytics_category": "Food",
    "more_details": "Dodatne podrobnosti o izdelku",
    "won_category_primary": "Svetovi potreb/Hrana in bližnja hrana/Prigrizki in slaščice",
    "won_category_primary_path": "0/17/1721",
    "canonical_path": "/p/snack-day-proteinske-tortilje/p10079451",
    "canonical_url": "/p/snack-day-proteinske-tortilje/p10079451",
    "awards": [],
    "seals": [],
    "ribbons": [],
    "highlighted_seals": 0,
    "lidl_plus": [],
    "regions": [],
    "ians": [
      "201720"
    ],
    "show_brand": true,
    "deal_of_day_active": false,
    "full_title_meta": "SNACK DAY Proteinske tortilje",
    "lists": [
      16
    ],
    "preview": false,
    "category_breadcrumbs": [
      {
        "id": "10068374",
        "name": "Hrana in pijača",
        "url": "/c/hrana-in-pijaca/s10068374",
        "hidden": false
      },
      {
        "id": "10071044",
        "name": "Prigrizki in sladkarije",
        "url": "/h/prigrizki-in-sladkarije/h10071044",
        "hidden": false
      }
    ],
    "campaigns": [
      {
        "id": "10025136",
        "name": "Novo v ponudbi",
        "url": "/c/novo-v-ponudbi/a10025136",
        "hidden": false
      }
    ],
    "world_of_needs_code": "1721",
    "world_of_needs_name": "Prigrizki in slaščice",
    "world_of_needs_parent": "17",
    "is_main_category": true,
    "super_categories": [
      {
        "code": "17",
        "name": "Hrana in bližnja hrana",
        "parent": "0"
      },
      {
        "code": "0",
        "name": "Svetovi potreb",
        "parent": ""
      }
    ],
    "position": 532,
    "tracking_payload": {
      "searchTrackingMasterId": "Product.10079451",
      "searchTrackingTitle": "Proteinske+tortilje",
      "searchTrackingPageSize": 100,
      "searchTrackingPage": 6,
      "searchTrackingEvent": "click",
      "list": "search",
      "searchTrackingId": "Product.10079451",
      "searchTrackingOrigPos": 1,
      "searchTrackingPos": 532,
      "searchTrackingOrigPageSize": 100,
      "searchTrackingChannel": "SI",
      "category": "Food"
    }
  },
  {
    "code": "10079452",
    "name": "Torteloni",
    "url": "",
    "result_class": "product",
    "type": "product",
    "product_id": 10079452,
    "erp_number": "10079452",
    "item_id": 10079452,
    "full_title": "DELUXE Torteloni",
    "title": "Torteloni",
    "category": "Food",
    "product_type": "RETAIL",
    "age_restriction": false,
    "is_used_product": false,
    "multipack": false,
    "online": false,
    "store": true,
    "quick_add_to_cart": false,
    "flash_sales": false,
    "having_videos": false,
    "having_threesixty": false,
    "price": 1.79,
    "old_price": 0.0,
    "currency_code": "EUR",
    "currency_symbol": "€",
    "has_star": true,
    "has_vat": false,
    "price_theme": "white_red",
    "variants_have_different_prices": false,
    "base_price_text": "1 kg = 7.16",
    "base_price_prefix": false,
    "packaging_text": "250 g",
    "discount_deleted_price": null,
    "discount_text": null,
    "discount_percentage": null,
    "discount_has_star": null,
    "show_discount": null,
    "show_percentage": null,
    "from_recommended_price": null,
    "availability_indicator": 0,
    "online_available": false,
    "min_orderable_quantity": 1,
    "orderable_quantities": [],
    "badge_texts": [
      "V trgovini"
    ],
    "badge_types": [
      "IN_STORE"
    ],
    "main_image": "https://imgproxy-retcat.assets.schwarz/6GuWfdPLMloNY5jMMJEtuxP2LKxLxxyfJkGHKe_woMs/sm:1/w:427/h:320/cz/M6Ly9wcm9kLWNhd/GFsb2ctbWVkaWEvaW50LzZBQkZFODJCNTE2RUVCQ0NFRERCNDc2Nz/JFRjc3NkYwQUEzNUY5NUI5RTE5NTcwMkVEMTA4REE3RTZBODg5RjEucG5n.png",
    "image_list": [
      "https://imgproxy-retcat.assets.schwarz/6GuWfdPLMloNY5jMMJEtuxP2LKxLxxyfJkGHKe_woMs/sm:1/w:427/h:320/cz/M6Ly9wcm9kLWNhd/GFsb2ctbWVkaWEvaW50LzZBQkZFODJCNTE2RUVCQ0NFRERCNDc2Nz/JFRjc3NkYwQUEzNUY5NUI5RTE5NTcwMkVEMTA4REE3RTZBODg5RjEucG5n.png",
      "https://imgproxy-retcat.assets.schwarz/dCdntBT4WMAv7N2_NkM1dB4l-krmKzvOC18QPvpAiz8/sm:1/w:427/h:320/cz/M6Ly9wcm9kLWNhd/GFsb2ctbWVkaWEvaW50L0NERURFQzhENTMxN0IwMjMxQjMzMzgxME/Q2MkJEQzVFOTUyRTRBOTcwMTQ3RjU3NUREMTFBMjUzQzNGNjQ2MDIucG5n.png"
    ],
    "image_accessibility": "ITALIAMO Panzerotti italijanskega stila z ricotto, špinačo in limono.",
    "detailed_images": [
      {
        "url": "https://imgproxy-retcat.assets.schwarz/6GuWfdPLMloNY5jMMJEtuxP2LKxLxxyfJkGHKe_woMs/sm:1/w:427/h:320/cz/M6Ly9wcm9kLWNhd/GFsb2ctbWVkaWEvaW50LzZBQkZFODJCNTE2RUVCQ0NFRERCNDc2Nz/JFRjc3NkYwQUEzNUY5NUI5RTE5NTcwMkVEMTA4REE3RTZBODg5RjEucG5n.png",
        "accessibility": "ITALIAMO Panzerotti italijanskega stila z ricotto, špinačo in limono."
      },
      {
        "url": "https://imgproxy-retcat.assets.schwarz/dCdntBT4WMAv7N2_NkM1dB4l-krmKzvOC18QPvpAiz8/sm:1/w:427/h:320/cz/M6Ly9wcm9kLWNhd/GFsb2ctbWVkaWEvaW50L0NERURFQzhENTMxN0IwMjMxQjMzMzgxME/Q2MkJEQzVFOTUyRTRBOTcwMTQ3RjU3NUREMTFBMjUzQzNGNjQ2MDIucG5n.png",
        "accessibility": "ITALIAMO Panzerotti z mediteranskim nadevom iz pesta."
      }
    ],
    "analytics_category": "Food",
    "more_details": "Dodatne podrobnosti o izdelku",
    "won_category_primary": "Svetovi potreb/Hrana in bližnja hrana/Jajca in osnovna živila (testenine, moka, stročnice itd.)",
    "won_category_primary_path": "0/17/1715",
    "canonical_path": "/p/deluxe-torteloni/p10079452",
    "canonical_url": "/p/deluxe-torteloni/p10079452",
    "awards": [],
    "seals": [
      {
        "altText": "Nalepka: Hlajeno",
        "image": "https://imgproxy-retcat.assets.schwarz/7x3Iby7aD19hFySDnP2YoXt7E1r0JrvJVj0QO1gUOes/sm:1/w:140/cz/M6Ly9wcm9kLWNhd/GFsb2ctbWVkaWEvc2kvMi8xMzFBN0E2RDlCREZGREQxOEE2OTFDNEZ/FNDE5RTM0QUMxQjY4OEQ0OUY2QTAxMTRDRjQ1RjdCNTNDRjM2NUJBLnBuZw.png"
      }
    ],
    "ribbons": [],
    "highlighted_seals": 0,
    "lidl_plus": [],
    "regions": [],
    "ians": [
      "6000209"
    ],
    "show_brand": true,
    "deal_of_day_active": false,
    "full_title_meta": "DELUXE Torteloni",
    "lists": [
      16
    ],
    "preview": false,
    "category_breadcrumbs": [
      {
        "id": "10068374",
        "name": "Hrana in pijača",
        "url": "/c/hrana-in-pijaca/s10068374",
        "hidden": false
      },
      {
        "id": "10071045",
        "name": "Jajca in osnovna živila",
        "url": "/h/jajca-in-osnovna-zivila/h10071045",
        "hidden": false
      }
    ],
    "campaigns": [
      {
        "id": "10025136",
        "name": "Novo v ponudbi",
        "url": "/c/novo-v-ponudbi/a10025136",
        "hidden": false
      }
    ],
    "world_of_needs_code": "1715",
    "world_of_needs_name": "Jajca in osnovna živila (testenine, moka, stročnice itd.)",
    "world_of_needs_parent": "17",
    "is_main_category": true,
    "super_categories": [
      {
        "code": "17",
        "name": "Hrana in bližnja hrana",
        "parent": "0"
      },
      {
        "code": "0",
        "name": "Svetovi potreb",
        "parent": ""
      }
    ],
    "position": 533,
    "tracking_payload": {
      "searchTrackingMasterId": "Product.10079452",
      "searchTrackingTitle": "Torteloni",
      "searchTrackingPageSize": 100,
      "searchTrackingPage": 6,
      "searchTrackingEvent": "click",
      "list": "search",
      "searchTrackingId": "Product.10079452",
      "searchTrackingOrigPos": 1,
      "searchTrackingPos": 533,
      "searchTrackingOrigPageSize": 100,
      "searchTrackingChannel": "SI",
      "category": "Food"
    }
  }
]